trading_day,trade_time,instrument_id,last_price,open_price,highest_price,lowest_price,close_price,settlement_price,upper_limit_price,lower_limit_price,pre_settlement_price,pre_close_price,pre_open_interest,cum_volume,cum_turnover,open_interest,bid_price1,bid_price2,bid_price3,bid_price4,bid_price5,bid_volume1,bid_volume2,bid_volume3,bid_volume4,bid_volume5,ask_price1,ask_price2,ask_price3,ask_price4,ask_price5,ask_volume1,ask_volume2,ask_volume3,ask_volume4,ask_volume5
2024-07-02,2024-07-02 09:00:02.000,RB2408,3382.0,3399.0,3399.0,3382.0,0.0,0.0,3555.0,3216.0,3386.0,3383.0,0.0,259.0,8791840.0,6359.0,3382.0,3380.0,3376.0,3374.0,3373.0,5.0,6.0,1.0,1.0,1.0,3388.0,3392.0,3395.0,3397.0,3398.0,9.0,1.0,10.0,32.0,49.0
2024-07-02,2024-07-02 09:00:02.500,RB2408,3382.0,3399.0,3399.0,3382.0,0.0,0.0,3555.0,3216.0,3386.0,3383.0,0.0,259.0,8791840.0,6359.0,3385.0,3382.0,3380.0,3376.0,3374.0,1.0,5.0,6.0,1.0,1.0,3388.0,3392.0,3395.0,3397.0,3398.0,9.0,1.0,10.0,32.0,49.0
2024-07-02,2024-07-02 09:00:05.000,RB2408,3382.0,3399.0,3399.0,3382.0,0.0,0.0,3555.0,3216.0,3386.0,3383.0,0.0,259.0,8791840.0,6359.0,3385.0,3382.0,3380.0,3376.0,3374.0,1.0,5.0,6.0,1.0,1.0,3388.0,3392.0,3395.0,3397.0,3398.0,8.0,1.0,10.0,32.0,49.0
2024-07-02,2024-07-02 09:00:06.500,RB2408,3382.0,3399.0,3399.0,3382.0,0.0,0.0,3555.0,3216.0,3386.0,3383.0,0.0,259.0,8791840.0,6359.0,3385.0,3382.0,3380.0,3376.0,3374.0,1.0,5.0,6.0,1.0,1.0,3388.0,3392.0,3395.0,3397.0,3398.0,9.0,1.0,10.0,32.0,49.0
2024-07-02,2024-07-02 09:00:07.500,RB2408,3382.0,3399.0,3399.0,3382.0,0.0,0.0,3555.0,3216.0,3386.0,3383.0,0.0,259.0,8791840.0,6359.0,3385.0,3383.0,3382.0,3380.0,3376.0,1.0,2.0,5.0,6.0,1.0,3388.0,3392.0,3395.0,3397.0,3398.0,9.0,1.0,10.0,32.0,49.0
2024-07-02,2024-07-02 09:00:08.500,RB2408,3382.0,3399.0,3399.0,3382.0,0.0,0.0,3555.0,3216.0,3386.0,3383.0,0.0,259.0,8791840.0,6359.0,3385.0,3383.0,3382.0,3380.0,3376.0,1.0,4.0,5.0,6.0,1.0,3388.0,3392.0,3395.0,3397.0,3398.0,9.0,1.0,10.0,32.0,49.0
2024-07-02,2024-07-02 09:00:09.000,RB2408,3382.0,3399.0,3399.0,3382.0,0.0,0.0,3555.0,3216.0,3386.0,3383.0,0.0,259.0,8791840.0,6359.0,3385.0,3383.0,3382.0,3380.0,3376.0,1.0,2.0,5.0,6.0,1.0,3388.0,3392.0,3395.0,3397.0,3398.0,9.0,1.0,10.0,32.0,49.0
2024-07-02,2024-07-02 09:00:09.500,RB2408,3382.0,3399.0,3399.0,3382.0,0.0,0.0,3555.0,3216.0,3386.0,3383.0,0.0,259.0,8791840.0,6359.0,3385.0,3382.0,3380.0,3376.0,3374.0,1.0,5.0,6.0,1.0,1.0,3388.0,3392.0,3395.0,3397.0,3398.0,9.0,1.0,10.0,32.0,49.0
2024-07-02,2024-07-02 09:00:18.000,RB2408,3385.0,3399.0,3399.0,3382.0,0.0,0.0,3555.0,3216.0,3386.0,3383.0,0.0,260.0,8825690.0,6359.0,3382.0,3380.0,3376.0,3374.0,3373.0,5.0,6.0,1.0,1.0,1.0,3388.0,3392.0,3395.0,3397.0,3398.0,9.0,1.0,10.0,32.0,49.0
2024-07-02,2024-07-02 09:00:18.500,RB2408,3385.0,3399.0,3399.0,3382.0,0.0,0.0,3555.0,3216.0,3386.0,3383.0,0.0,260.0,8825690.0,6359.0,3382.0,3381.0,3380.0,3376.0,3374.0,5.0,2.0,6.0,1.0,1.0,3387.0,3388.0,3392.0,3395.0,3397.0,1.0,9.0,1.0,10.0,32.0
2024-07-02,2024-07-02 09:00:19.000,RB2408,3385.0,3399.0,3399.0,3382.0,0.0,0.0,3555.0,3216.0,3386.0,3383.0,0.0,260.0,8825690.0,6359.0,3382.0,3381.0,3380.0,3376.0,3374.0,5.0,2.0,8.0,1.0,1.0,3387.0,3388.0,3392.0,3395.0,3397.0,1.0,9.0,1.0,10.0,32.0
2024-07-02,2024-07-02 09:00:20.000,RB2408,3385.0,3399.0,3399.0,3382.0,0.0,0.0,3555.0,3216.0,3386.0,3383.0,0.0,260.0,8825690.0,6359.0,3382.0,3380.0,3376.0,3374.0,3373.0,5.0,8.0,1.0,1.0,1.0,3387.0,3388.0,3392.0,3395.0,3397.0,1.0,9.0,1.0,10.0,32.0
2024-07-02,2024-07-02 09:00:23.500,RB2408,3385.0,3399.0,3399.0,3382.0,0.0,0.0,3555.0,3216.0,3386.0,3383.0,0.0,260.0,8825690.0,6359.0,3382.0,3380.0,3376.0,3374.0,3373.0,5.0,8.0,1.0,1.0,1.0,3387.0,3388.0,3392.0,3395.0,3397.0,2.0,9.0,1.0,10.0,32.0
2024-07-02,2024-07-02 09:00:24.500,RB2408,3385.0,3399.0,3399.0,3382.0,0.0,0.0,3555.0,3216.0,3386.0,3383.0,0.0,260.0,8825690.0,6359.0,3382.0,3380.0,3376.0,3374.0,3373.0,5.0,8.0,1.0,1.0,1.0,3387.0,3388.0,3392.0,3395.0,3397.0,1.0,9.0,1.0,10.0,32.0
2024-07-02,2024-07-02 09:00:25.500,RB2408,3385.0,3399.0,3399.0,3382.0,0.0,0.0,3555.0,3216.0,3386.0,3383.0,0.0,260.0,8825690.0,6359.0,3382.0,3380.0,3376.0,3374.0,3373.0,5.0,8.0,1.0,1.0,1.0,3387.0,3388.0,3392.0,3395.0,3397.0,2.0,9.0,1.0,10.0,32.0
2024-07-02,2024-07-02 09:00:28.000,RB2408,3385.0,3399.0,3399.0,3382.0,0.0,0.0,3555.0,3216.0,3386.0,3383.0,0.0,260.0,8825690.0,6359.0,3382.0,3380.0,3376.0,3374.0,3373.0,5.0,8.0,1.0,1.0,1.0,3387.0,3388.0,3392.0,3395.0,3397.0,1.0,9.0,1.0,10.0,32.0
2024-07-02,2024-07-02 09:00:29.000,RB2408,3385.0,3399.0,3399.0,3382.0,0.0,0.0,3555.0,3216.0,3386.0,3383.0,0.0,260.0,8825690.0,6359.0,3382.0,3380.0,3376.0,3374.0,3373.0,5.0,8.0,1.0,1.0,1.0,3387.0,3388.0,3392.0,3395.0,3397.0,2.0,9.0,1.0,10.0,32.0
2024-07-02,2024-07-02 09:00:30.000,RB2408,3385.0,3399.0,3399.0,3382.0,0.0,0.0,3555.0,3216.0,3386.0,3383.0,0.0,260.0,8825690.0,6359.0,3382.0,3380.0,3376.0,3374.0,3373.0,5.0,8.0,1.0,1.0,1.0,3387.0,3388.0,3392.0,3395.0,3397.0,1.0,9.0,1.0,10.0,32.0
2024-07-02,2024-07-02 09:00:34.500,RB2408,3385.0,3399.0,3399.0,3382.0,0.0,0.0,3555.0,3216.0,3386.0,3383.0,0.0,260.0,8825690.0,6359.0,3382.0,3380.0,3376.0,3374.0,3373.0,6.0,8.0,1.0,1.0,1.0,3388.0,3392.0,3395.0,3397.0,3398.0,9.0,1.0,10.0,32.0,49.0
2024-07-02,2024-07-02 09:00:53.000,RB2408,3385.0,3399.0,3399.0,3382.0,0.0,0.0,3555.0,3216.0,3386.0,3383.0,0.0,260.0,8825690.0,6359.0,3382.0,3380.0,3376.0,3374.0,3373.0,6.0,8.0,1.0,1.0,1.0,3388.0,3392.0,3395.0,3397.0,3398.0,10.0,1.0,10.0,32.0,49.0
2024-07-02,2024-07-02 09:00:53.500,RB2408,3385.0,3399.0,3399.0,3382.0,0.0,0.0,3555.0,3216.0,3386.0,3383.0,0.0,260.0,8825690.0,6359.0,3382.0,3380.0,3376.0,3374.0,3373.0,6.0,8.0,1.0,1.0,1.0,3388.0,3392.0,3395.0,3397.0,3398.0,9.0,1.0,10.0,32.0,49.0
2024-07-02,2024-07-02 09:00:55.000,RB2408,3385.0,3399.0,3399.0,3382.0,0.0,0.0,3555.0,3216.0,3386.0,3383.0,0.0,260.0,8825690.0,6359.0,3382.0,3380.0,3376.0,3374.0,3373.0,6.0,8.0,1.0,1.0,1.0,3388.0,3392.0,3395.0,3397.0,3398.0,10.0,1.0,10.0,32.0,49.0
2024-07-02,2024-07-02 09:00:55.500,RB2408,3385.0,3399.0,3399.0,3382.0,0.0,0.0,3555.0,3216.0,3386.0,3383.0,0.0,260.0,8825690.0,6359.0,3382.0,3380.0,3376.0,3374.0,3373.0,5.0,8.0,1.0,1.0,1.0,3387.0,3388.0,3392.0,3395.0,3397.0,1.0,10.0,1.0,10.0,32.0
2024-07-02,2024-07-02 09:00:56.000,RB2408,3385.0,3399.0,3399.0,3382.0,0.0,0.0,3555.0,3216.0,3386.0,3383.0,0.0,260.0,8825690.0,6359.0,3382.0,3380.0,3376.0,3374.0,3373.0,5.0,8.0,1.0,1.0,1.0,3387.0,3388.0,3392.0,3395.0,3397.0,1.0,9.0,1.0,10.0,32.0
2024-07-02,2024-07-02 09:01:09.500,RB2408,3385.0,3399.0,3399.0,3382.0,0.0,0.0,3555.0,3216.0,3386.0,3383.0,0.0,260.0,8825690.0,6359.0,3382.0,3380.0,3378.0,3376.0,3374.0,5.0,8.0,1.0,1.0,1.0,3387.0,3388.0,3392.0,3395.0,3397.0,1.0,9.0,1.0,10.0,32.0
2024-07-02,2024-07-02 09:01:16.000,RB2408,3385.0,3399.0,3399.0,3382.0,0.0,0.0,3555.0,3216.0,3386.0,3383.0,0.0,260.0,8825690.0,6359.0,3382.0,3380.0,3379.0,3378.0,3376.0,5.0,13.0,5.0,1.0,1.0,3386.0,3387.0,3388.0,3392.0,3395.0,5.0,6.0,9.0,1.0,10.0
2024-07-02,2024-07-02 09:01:23.000,RB2408,3385.0,3399.0,3399.0,3382.0,0.0,0.0,3555.0,3216.0,3386.0,3383.0,0.0,260.0,8825690.0,6359.0,3382.0,3380.0,3379.0,3378.0,3376.0,5.0,15.0,5.0,1.0,1.0,3386.0,3387.0,3388.0,3392.0,3395.0,5.0,6.0,9.0,1.0,10.0
2024-07-02,2024-07-02 09:01:39.000,RB2408,3385.0,3399.0,3399.0,3382.0,0.0,0.0,3555.0,3216.0,3386.0,3383.0,0.0,260.0,8825690.0,6359.0,3382.0,3381.0,3380.0,3379.0,3378.0,5.0,5.0,15.0,5.0,1.0,3386.0,3387.0,3388.0,3392.0,3395.0,5.0,6.0,9.0,1.0,10.0
2024-07-02,2024-07-02 09:01:56.500,RB2408,3386.0,3399.0,3399.0,3382.0,0.0,0.0,3555.0,3216.0,3386.0,3383.0,0.0,263.0,8927270.0,6359.0,3382.0,3381.0,3380.0,3379.0,3378.0,5.0,5.0,15.0,5.0,1.0,3386.0,3387.0,3388.0,3392.0,3395.0,2.0,6.0,9.0,1.0,10.0
2024-07-02,2024-07-02 09:01:57.000,RB2408,3386.0,3399.0,3399.0,3382.0,0.0,0.0,3555.0,3216.0,3386.0,3383.0,0.0,263.0,8927270.0,6359.0,3383.0,3382.0,3381.0,3380.0,3379.0,5.0,10.0,5.0,15.0,5.0,3386.0,3387.0,3388.0,3392.0,3395.0,2.0,6.0,9.0,1.0,10.0
2024-07-02,2024-07-02 09:01:59.500,RB2408,3386.0,3399.0,3399.0,3382.0,0.0,0.0,3555.0,3216.0,3386.0,3383.0,0.0,263.0,8927270.0,6359.0,3383.0,3382.0,3381.0,3380.0,3379.0,5.0,12.0,5.0,13.0,5.0,3386.0,3387.0,3388.0,3392.0,3395.0,2.0,6.0,9.0,1.0,10.0
2024-07-02,2024-07-02 09:02:13.500,RB2408,3386.0,3399.0,3399.0,3382.0,0.0,0.0,3555.0,3216.0,3386.0,3383.0,0.0,263.0,8927270.0,6359.0,3383.0,3382.0,3381.0,3380.0,3379.0,6.0,14.0,5.0,13.0,5.0,3386.0,3387.0,3388.0,3392.0,3395.0,2.0,6.0,9.0,1.0,10.0
2024-07-02,2024-07-02 09:02:17.000,RB2408,3386.0,3399.0,3399.0,3382.0,0.0,0.0,3555.0,3216.0,3386.0,3383.0,0.0,263.0,8927270.0,6359.0,3383.0,3382.0,3381.0,3380.0,3379.0,6.0,14.0,5.0,11.0,5.0,3386.0,3387.0,3388.0,3392.0,3395.0,2.0,6.0,9.0,1.0,10.0
2024-07-02,2024-07-02 09:02:39.500,RB2408,3386.0,3399.0,3399.0,3382.0,0.0,0.0,3555.0,3216.0,3386.0,3383.0,0.0,263.0,8927270.0,6359.0,3383.0,3382.0,3381.0,3380.0,3379.0,1.0,14.0,5.0,11.0,5.0,3386.0,3387.0,3388.0,3392.0,3395.0,3.0,6.0,9.0,1.0,10.0
2024-07-02,2024-07-02 09:02:40.500,RB2408,3386.0,3399.0,3399.0,3382.0,0.0,0.0,3555.0,3216.0,3386.0,3383.0,0.0,263.0,8927270.0,6359.0,3383.0,3382.0,3381.0,3380.0,3379.0,1.0,14.0,5.0,11.0,5.0,3385.0,3386.0,3387.0,3388.0,3392.0,5.0,3.0,6.0,9.0,1.0
2024-07-02,2024-07-02 09:02:41.000,RB2408,3385.0,3399.0,3399.0,3382.0,0.0,0.0,3555.0,3216.0,3386.0,3383.0,0.0,265.0,8994970.0,6359.0,3383.0,3382.0,3381.0,3380.0,3379.0,1.0,14.0,5.0,11.0,5.0,3385.0,3386.0,3387.0,3388.0,3392.0,3.0,3.0,6.0,9.0,1.0
2024-07-02,2024-07-02 09:02:46.000,RB2408,3385.0,3399.0,3399.0,3382.0,0.0,0.0,3555.0,3216.0,3386.0,3383.0,0.0,265.0,8994970.0,6359.0,3383.0,3382.0,3381.0,3380.0,3379.0,1.0,9.0,5.0,11.0,5.0,3385.0,3386.0,3387.0,3388.0,3392.0,3.0,3.0,6.0,9.0,1.0
2024-07-02,2024-07-02 09:02:46.500,RB2408,3385.0,3399.0,3399.0,3382.0,0.0,0.0,3555.0,3216.0,3386.0,3383.0,0.0,265.0,8994970.0,6359.0,3383.0,3382.0,3381.0,3380.0,3379.0,1.0,7.0,7.0,11.0,5.0,3385.0,3386.0,3387.0,3388.0,3392.0,4.0,3.0,6.0,9.0,1.0
2024-07-02,2024-07-02 09:02:47.000,RB2408,3385.0,3399.0,3399.0,3382.0,0.0,0.0,3555.0,3216.0,3386.0,3383.0,0.0,265.0,8994970.0,6359.0,3383.0,3382.0,3381.0,3380.0,3379.0,1.0,7.0,7.0,11.0,5.0,3384.0,3385.0,3386.0,3387.0,3388.0,5.0,4.0,3.0,6.0,9.0
2024-07-02,2024-07-02 09:02:48.000,RB2408,3384.0,3399.0,3399.0,3382.0,0.0,0.0,3555.0,3216.0,3386.0,3383.0,0.0,269.0,9130330.0,6359.0,3383.0,3382.0,3381.0,3380.0,3379.0,1.0,5.0,7.0,11.0,5.0,3385.0,3386.0,3387.0,3388.0,3392.0,4.0,3.0,6.0,9.0,1.0
2024-07-02,2024-07-02 09:02:48.500,RB2408,3384.0,3399.0,3399.0,3382.0,0.0,0.0,3555.0,3216.0,3386.0,3383.0,0.0,269.0,9130330.0,6359.0,3383.0,3382.0,3381.0,3380.0,3379.0,1.0,10.0,7.0,13.0,5.0,3385.0,3386.0,3387.0,3388.0,3392.0,4.0,3.0,6.0,9.0,1.0
2024-07-02,2024-07-02 09:02:50.000,RB2408,3384.0,3399.0,3399.0,3382.0,0.0,0.0,3555.0,3216.0,3386.0,3383.0,0.0,269.0,9130330.0,6359.0,3383.0,3382.0,3381.0,3380.0,3379.0,1.0,5.0,7.0,13.0,5.0,3385.0,3386.0,3387.0,3388.0,3392.0,4.0,3.0,6.0,9.0,1.0
2024-07-02,2024-07-02 09:02:56.500,RB2408,3384.0,3399.0,3399.0,3382.0,0.0,0.0,3555.0,3216.0,3386.0,3383.0,0.0,269.0,9130330.0,6359.0,3383.0,3382.0,3381.0,3380.0,3379.0,1.0,10.0,7.0,13.0,5.0,3385.0,3386.0,3387.0,3388.0,3392.0,4.0,3.0,6.0,9.0,1.0
2024-07-02,2024-07-02 09:02:57.000,RB2408,3384.0,3399.0,3399.0,3382.0,0.0,0.0,3555.0,3216.0,3386.0,3383.0,0.0,269.0,9130330.0,6359.0,3383.0,3382.0,3381.0,3380.0,3379.0,1.0,10.0,5.0,13.0,5.0,3385.0,3386.0,3387.0,3388.0,3392.0,4.0,3.0,6.0,9.0,1.0
2024-07-02,2024-07-02 09:02:57.500,RB2408,3384.0,3399.0,3399.0,3382.0,0.0,0.0,3555.0,3216.0,3386.0,3383.0,0.0,269.0,9130330.0,6359.0,3383.0,3382.0,3381.0,3380.0,3379.0,1.0,10.0,5.0,15.0,5.0,3385.0,3386.0,3387.0,3388.0,3392.0,4.0,3.0,6.0,9.0,1.0
2024-07-02,2024-07-02 09:02:58.000,RB2408,3384.0,3399.0,3399.0,3382.0,0.0,0.0,3555.0,3216.0,3386.0,3383.0,0.0,269.0,9130330.0,6359.0,3383.0,3382.0,3381.0,3380.0,3379.0,1.0,5.0,5.0,15.0,5.0,3385.0,3386.0,3387.0,3388.0,3392.0,4.0,3.0,6.0,9.0,1.0
2024-07-02,2024-07-02 09:03:08.500,RB2408,3384.0,3399.0,3399.0,3382.0,0.0,0.0,3555.0,3216.0,3386.0,3383.0,0.0,269.0,9130330.0,6359.0,3383.0,3382.0,3381.0,3380.0,3379.0,1.0,5.0,5.0,15.0,5.0,3385.0,3386.0,3387.0,3388.0,3392.0,1.0,3.0,6.0,9.0,1.0
2024-07-02,2024-07-02 09:03:09.500,RB2408,3384.0,3399.0,3399.0,3382.0,0.0,0.0,3555.0,3216.0,3386.0,3383.0,0.0,269.0,9130330.0,6359.0,3383.0,3382.0,3381.0,3380.0,3379.0,1.0,10.0,5.0,15.0,5.0,3386.0,3387.0,3388.0,3392.0,3393.0,3.0,6.0,9.0,1.0,1.0
2024-07-02,2024-07-02 09:03:10.000,RB2408,3384.0,3399.0,3399.0,3382.0,0.0,0.0,3555.0,3216.0,3386.0,3383.0,0.0,269.0,9130330.0,6359.0,3383.0,3382.0,3381.0,3380.0,3379.0,1.0,10.0,5.0,15.0,5.0,3386.0,3387.0,3388.0,3392.0,3395.0,3.0,6.0,9.0,1.0,10.0
2024-07-02,2024-07-02 09:03:14.000,RB2408,3384.0,3399.0,3399.0,3382.0,0.0,0.0,3555.0,3216.0,3386.0,3383.0,0.0,269.0,9130330.0,6359.0,3383.0,3382.0,3381.0,3380.0,3379.0,2.0,10.0,5.0,15.0,5.0,3386.0,3387.0,3388.0,3392.0,3395.0,3.0,6.0,9.0,1.0,10.0
2024-07-02,2024-07-02 09:03:23.500,RB2408,3384.0,3399.0,3399.0,3382.0,0.0,0.0,3555.0,3216.0,3386.0,3383.0,0.0,269.0,9130330.0,6359.0,3383.0,3382.0,3381.0,3380.0,3379.0,2.0,10.0,5.0,15.0,5.0,3386.0,3387.0,3388.0,3392.0,3395.0,1.0,6.0,9.0,1.0,10.0
2024-07-02,2024-07-02 09:03:24.500,RB2408,3384.0,3399.0,3399.0,3382.0,0.0,0.0,3555.0,3216.0,3386.0,3383.0,0.0,269.0,9130330.0,6359.0,3383.0,3382.0,3381.0,3380.0,3379.0,7.0,10.0,5.0,15.0,5.0,3386.0,3387.0,3388.0,3392.0,3395.0,1.0,6.0,9.0,1.0,10.0
2024-07-02,2024-07-02 09:03:25.000,RB2408,3384.0,3399.0,3399.0,3382.0,0.0,0.0,3555.0,3216.0,3386.0,3383.0,0.0,269.0,9130330.0,6359.0,3383.0,3382.0,3381.0,3380.0,3379.0,7.0,10.0,5.0,15.0,5.0,3387.0,3388.0,3392.0,3395.0,3397.0,6.0,9.0,1.0,10.0,32.0
2024-07-02,2024-07-02 09:03:26.000,RB2408,3384.0,3399.0,3399.0,3382.0,0.0,0.0,3555.0,3216.0,3386.0,3383.0,0.0,269.0,9130330.0,6359.0,3383.0,3382.0,3381.0,3380.0,3379.0,7.0,12.0,5.0,13.0,5.0,3387.0,3388.0,3392.0,3395.0,3397.0,6.0,9.0,1.0,10.0,32.0
2024-07-02,2024-07-02 09:03:27.000,RB2408,3384.0,3399.0,3399.0,3382.0,0.0,0.0,3555.0,3216.0,3386.0,3383.0,0.0,269.0,9130330.0,6359.0,3383.0,3382.0,3381.0,3380.0,3379.0,7.0,14.0,5.0,11.0,5.0,3387.0,3388.0,3392.0,3395.0,3397.0,6.0,9.0,1.0,10.0,32.0
2024-07-02,2024-07-02 09:03:28.500,RB2408,3384.0,3399.0,3399.0,3382.0,0.0,0.0,3555.0,3216.0,3386.0,3383.0,0.0,269.0,9130330.0,6359.0,3384.0,3383.0,3382.0,3381.0,3380.0,1.0,6.0,14.0,5.0,11.0,3387.0,3388.0,3392.0,3395.0,3397.0,6.0,9.0,1.0,10.0,32.0
2024-07-02,2024-07-02 09:03:38.000,RB2408,3384.0,3399.0,3399.0,3382.0,0.0,0.0,3555.0,3216.0,3386.0,3383.0,0.0,269.0,9130330.0,6359.0,3384.0,3383.0,3382.0,3381.0,3380.0,1.0,6.0,14.0,5.0,11.0,3387.0,3388.0,3392.0,3395.0,3397.0,1.0,9.0,1.0,10.0,32.0
2024-07-02,2024-07-02 09:03:38.500,RB2408,3384.0,3399.0,3399.0,3382.0,0.0,0.0,3555.0,3216.0,3386.0,3383.0,0.0,269.0,9130330.0,6359.0,3384.0,3383.0,3382.0,3381.0,3380.0,1.0,6.0,14.0,5.0,11.0,3388.0,3392.0,3395.0,3397.0,3398.0,14.0,1.0,10.0,32.0,55.0
2024-07-02,2024-07-02 09:03:39.000,RB2408,3384.0,3399.0,3399.0,3382.0,0.0,0.0,3555.0,3216.0,3386.0,3383.0,0.0,269.0,9130330.0,6359.0,3384.0,3383.0,3382.0,3381.0,3380.0,6.0,6.0,14.0,5.0,11.0,3388.0,3392.0,3395.0,3397.0,3398.0,14.0,1.0,10.0,32.0,55.0
2024-07-02,2024-07-02 09:03:39.500,RB2408,3384.0,3399.0,3399.0,3382.0,0.0,0.0,3555.0,3216.0,3386.0,3383.0,0.0,269.0,9130330.0,6359.0,3384.0,3383.0,3382.0,3381.0,3380.0,1.0,6.0,14.0,5.0,11.0,3387.0,3388.0,3392.0,3395.0,3397.0,1.0,14.0,1.0,10.0,32.0
2024-07-02,2024-07-02 09:03:40.500,RB2408,3384.0,3399.0,3399.0,3382.0,0.0,0.0,3555.0,3216.0,3386.0,3383.0,0.0,269.0,9130330.0,6359.0,3384.0,3383.0,3382.0,3381.0,3380.0,1.0,6.0,14.0,5.0,11.0,3387.0,3388.0,3392.0,3395.0,3397.0,6.0,14.0,1.0,10.0,32.0
2024-07-02,2024-07-02 09:03:42.500,RB2408,3384.0,3399.0,3399.0,3382.0,0.0,0.0,3555.0,3216.0,3386.0,3383.0,0.0,270.0,9164170.0,6358.0,3383.0,3382.0,3381.0,3380.0,3379.0,6.0,14.0,5.0,11.0,5.0,3384.0,3386.0,3387.0,3388.0,3392.0,9.0,1.0,6.0,14.0,1.0
2024-07-02,2024-07-02 09:03:43.000,RB2408,3384.0,3399.0,3399.0,3382.0,0.0,0.0,3555.0,3216.0,3386.0,3383.0,0.0,272.0,9231850.0,6358.0,3383.0,3382.0,3381.0,3380.0,3379.0,6.0,14.0,5.0,11.0,5.0,3384.0,3386.0,3387.0,3388.0,3392.0,7.0,1.0,6.0,14.0,1.0
2024-07-02,2024-07-02 09:03:43.500,RB2408,3384.0,3399.0,3399.0,3382.0,0.0,0.0,3555.0,3216.0,3386.0,3383.0,0.0,279.0,9468730.0,6358.0,3383.0,3382.0,3381.0,3380.0,3379.0,6.0,14.0,5.0,11.0,5.0,3386.0,3387.0,3388.0,3392.0,3395.0,1.0,6.0,14.0,1.0,10.0
2024-07-02,2024-07-02 09:03:45.000,RB2408,3384.0,3399.0,3399.0,3382.0,0.0,0.0,3555.0,3216.0,3386.0,3383.0,0.0,279.0,9468730.0,6358.0,3383.0,3382.0,3381.0,3380.0,3379.0,5.0,14.0,5.0,11.0,5.0,3386.0,3387.0,3388.0,3392.0,3395.0,1.0,6.0,14.0,1.0,10.0
2024-07-02,2024-07-02 09:04:06.500,RB2408,3384.0,3399.0,3399.0,3382.0,0.0,0.0,3555.0,3216.0,3386.0,3383.0,0.0,279.0,9468730.0,6358.0,3383.0,3382.0,3381.0,3380.0,3379.0,5.0,14.0,5.0,11.0,5.0,3386.0,3387.0,3388.0,3392.0,3395.0,1.0,1.0,14.0,1.0,10.0
2024-07-02,2024-07-02 09:04:07.000,RB2408,3384.0,3399.0,3399.0,3382.0,0.0,0.0,3555.0,3216.0,3386.0,3383.0,0.0,279.0,9468730.0,6358.0,3383.0,3382.0,3381.0,3380.0,3379.0,6.0,14.0,5.0,11.0,5.0,3387.0,3388.0,3392.0,3395.0,3397.0,1.0,14.0,1.0,10.0,32.0
2024-07-02,2024-07-02 09:04:07.500,RB2408,3384.0,3399.0,3399.0,3382.0,0.0,0.0,3555.0,3216.0,3386.0,3383.0,0.0,279.0,9468730.0,6358.0,3384.0,3383.0,3382.0,3381.0,3380.0,5.0,6.0,14.0,5.0,11.0,3387.0,3388.0,3392.0,3395.0,3397.0,1.0,14.0,1.0,10.0,32.0
2024-07-02,2024-07-02 09:04:10.500,RB2408,3384.0,3399.0,3399.0,3382.0,0.0,0.0,3555.0,3216.0,3386.0,3383.0,0.0,279.0,9468730.0,6358.0,3384.0,3383.0,3382.0,3381.0,3380.0,5.0,7.0,14.0,5.0,11.0,3387.0,3388.0,3392.0,3395.0,3397.0,1.0,14.0,1.0,10.0,32.0
2024-07-02,2024-07-02 09:04:47.000,RB2408,3387.0,3399.0,3399.0,3382.0,0.0,0.0,3555.0,3216.0,3386.0,3383.0,0.0,280.0,9502600.0,6357.0,3387.0,3384.0,3383.0,3382.0,3381.0,39.0,5.0,7.0,14.0,5.0,3388.0,3392.0,3395.0,3397.0,3398.0,14.0,1.0,10.0,32.0,45.0
2024-07-02,2024-07-02 09:04:47.500,RB2408,3387.0,3399.0,3399.0,3382.0,0.0,0.0,3555.0,3216.0,3386.0,3383.0,0.0,285.0,9671950.0,6352.0,3387.0,3383.0,3382.0,3381.0,3380.0,34.0,7.0,14.0,5.0,11.0,3388.0,3391.0,3392.0,3395.0,3397.0,14.0,2.0,1.0,10.0,32.0
2024-07-02,2024-07-02 09:04:50.500,RB2408,3387.0,3399.0,3399.0,3382.0,0.0,0.0,3555.0,3216.0,3386.0,3383.0,0.0,285.0,9671950.0,6352.0,3387.0,3383.0,3382.0,3381.0,3380.0,34.0,7.0,14.0,5.0,11.0,3388.0,3391.0,3392.0,3395.0,3397.0,13.0,2.0,1.0,10.0,32.0
2024-07-02,2024-07-02 09:04:52.500,RB2408,3387.0,3399.0,3399.0,3382.0,0.0,0.0,3555.0,3216.0,3386.0,3383.0,0.0,286.0,9705820.0,6351.0,3387.0,3383.0,3382.0,3381.0,3380.0,33.0,7.0,14.0,5.0,11.0,3388.0,3391.0,3392.0,3395.0,3397.0,13.0,2.0,1.0,10.0,32.0
2024-07-02,2024-07-02 09:04:55.500,RB2408,3387.0,3399.0,3399.0,3382.0,0.0,0.0,3555.0,3216.0,3386.0,3383.0,0.0,286.0,9705820.0,6351.0,3387.0,3383.0,3382.0,3381.0,3380.0,33.0,7.0,14.0,5.0,11.0,3388.0,3391.0,3392.0,3395.0,3397.0,8.0,2.0,1.0,10.0,32.0
2024-07-02,2024-07-02 09:04:56.000,RB2408,3387.0,3399.0,3399.0,3382.0,0.0,0.0,3555.0,3216.0,3386.0,3383.0,0.0,286.0,9705820.0,6351.0,3387.0,3384.0,3383.0,3382.0,3381.0,33.0,5.0,7.0,14.0,5.0,3388.0,3389.0,3390.0,3391.0,3392.0,8.0,5.0,5.0,2.0,1.0
2024-07-02,2024-07-02 09:04:57.000,RB2408,3387.0,3399.0,3399.0,3382.0,0.0,0.0,3555.0,3216.0,3386.0,3383.0,0.0,286.0,9705820.0,6351.0,3387.0,3384.0,3383.0,3382.0,3381.0,33.0,5.0,7.0,14.0,5.0,3388.0,3389.0,3390.0,3392.0,3395.0,8.0,5.0,5.0,1.0,10.0
2024-07-02,2024-07-02 09:05:01.000,RB2408,3387.0,3399.0,3399.0,3382.0,0.0,0.0,3555.0,3216.0,3386.0,3383.0,0.0,286.0,9705820.0,6351.0,3387.0,3383.0,3382.0,3381.0,3380.0,33.0,7.0,14.0,5.0,11.0,3388.0,3389.0,3390.0,3392.0,3395.0,8.0,5.0,5.0,1.0,10.0
2024-07-02,2024-07-02 09:05:01.500,RB2408,3387.0,3399.0,3399.0,3382.0,0.0,0.0,3555.0,3216.0,3386.0,3383.0,0.0,286.0,9705820.0,6351.0,3387.0,3383.0,3382.0,3381.0,3380.0,33.0,7.0,14.0,5.0,11.0,3388.0,3389.0,3390.0,3392.0,3395.0,13.0,5.0,5.0,1.0,10.0
2024-07-02,2024-07-02 09:05:02.000,RB2408,3387.0,3399.0,3399.0,3382.0,0.0,0.0,3555.0,3216.0,3386.0,3383.0,0.0,286.0,9705820.0,6351.0,3387.0,3383.0,3382.0,3381.0,3380.0,33.0,7.0,14.0,5.0,11.0,3388.0,3389.0,3390.0,3392.0,3395.0,23.0,5.0,5.0,1.0,10.0
2024-07-02,2024-07-02 09:05:02.500,RB2408,3387.0,3399.0,3399.0,3382.0,0.0,0.0,3555.0,3216.0,3386.0,3383.0,0.0,286.0,9705820.0,6351.0,3387.0,3383.0,3382.0,3381.0,3380.0,33.0,7.0,14.0,5.0,11.0,3388.0,3389.0,3390.0,3392.0,3395.0,24.0,5.0,5.0,1.0,10.0
2024-07-02,2024-07-02 09:05:03.500,RB2408,3387.0,3399.0,3399.0,3382.0,0.0,0.0,3555.0,3216.0,3386.0,3383.0,0.0,286.0,9705820.0,6351.0,3387.0,3383.0,3382.0,3381.0,3380.0,33.0,7.0,14.0,5.0,11.0,3388.0,3389.0,3390.0,3391.0,3392.0,24.0,5.0,5.0,2.0,1.0
2024-07-02,2024-07-02 09:05:04.000,RB2408,3387.0,3399.0,3399.0,3382.0,0.0,0.0,3555.0,3216.0,3386.0,3383.0,0.0,294.0,9976780.0,6346.0,3387.0,3383.0,3382.0,3381.0,3380.0,25.0,2.0,14.0,5.0,11.0,3388.0,3389.0,3390.0,3391.0,3392.0,24.0,5.0,5.0,2.0,1.0
2024-07-02,2024-07-02 09:05:04.500,RB2408,3387.0,3399.0,3399.0,3382.0,0.0,0.0,3555.0,3216.0,3386.0,3383.0,0.0,313.0,10620310.0,6345.0,3387.0,3383.0,3382.0,3381.0,3380.0,6.0,7.0,14.0,5.0,11.0,3388.0,3389.0,3390.0,3391.0,3392.0,24.0,5.0,5.0,2.0,1.0
2024-07-02,2024-07-02 09:05:06.500,RB2408,3387.0,3399.0,3399.0,3382.0,0.0,0.0,3555.0,3216.0,3386.0,3383.0,0.0,319.0,10823530.0,6339.0,3384.0,3383.0,3382.0,3381.0,3380.0,1.0,6.0,14.0,5.0,11.0,3387.0,3388.0,3389.0,3390.0,3391.0,1.0,24.0,5.0,5.0,2.0
2024-07-02,2024-07-02 09:05:08.500,RB2408,3387.0,3399.0,3399.0,3382.0,0.0,0.0,3555.0,3216.0,3386.0,3383.0,0.0,319.0,10823530.0,6339.0,3384.0,3383.0,3382.0,3381.0,3380.0,1.0,6.0,14.0,5.0,11.0,3387.0,3388.0,3389.0,3390.0,3391.0,1.0,19.0,5.0,5.0,2.0
2024-07-02,2024-07-02 09:05:09.500,RB2408,3387.0,3399.0,3399.0,3382.0,0.0,0.0,3555.0,3216.0,3386.0,3383.0,0.0,319.0,10823530.0,6339.0,3384.0,3383.0,3382.0,3381.0,3380.0,6.0,6.0,14.0,5.0,11.0,3387.0,3388.0,3389.0,3390.0,3391.0,1.0,19.0,5.0,5.0,2.0
2024-07-02,2024-07-02 09:05:31.500,RB2408,3387.0,3399.0,3399.0,3382.0,0.0,0.0,3555.0,3216.0,3386.0,3383.0,0.0,319.0,10823530.0,6339.0,3384.0,3383.0,3382.0,3381.0,3380.0,1.0,6.0,14.0,5.0,11.0,3387.0,3388.0,3389.0,3390.0,3391.0,1.0,19.0,5.0,5.0,2.0
2024-07-02,2024-07-02 09:05:32.500,RB2408,3387.0,3399.0,3399.0,3382.0,0.0,0.0,3555.0,3216.0,3386.0,3383.0,0.0,319.0,10823530.0,6339.0,3384.0,3383.0,3382.0,3381.0,3380.0,2.0,6.0,14.0,5.0,11.0,3387.0,3388.0,3389.0,3390.0,3391.0,1.0,24.0,5.0,5.0,2.0
2024-07-02,2024-07-02 09:05:33.000,RB2408,3387.0,3399.0,3399.0,3382.0,0.0,0.0,3555.0,3216.0,3386.0,3383.0,0.0,319.0,10823530.0,6339.0,3384.0,3383.0,3382.0,3381.0,3380.0,2.0,6.0,14.0,5.0,11.0,3387.0,3388.0,3389.0,3390.0,3391.0,1.0,19.0,5.0,5.0,2.0
2024-07-02,2024-07-02 09:05:33.500,RB2408,3387.0,3399.0,3399.0,3382.0,0.0,0.0,3555.0,3216.0,3386.0,3383.0,0.0,319.0,10823530.0,6339.0,3384.0,3383.0,3382.0,3381.0,3380.0,2.0,6.0,14.0,5.0,11.0,3387.0,3388.0,3389.0,3390.0,3391.0,1.0,24.0,5.0,5.0,2.0
2024-07-02,2024-07-02 09:05:36.000,RB2408,3387.0,3399.0,3399.0,3382.0,0.0,0.0,3555.0,3216.0,3386.0,3383.0,0.0,319.0,10823530.0,6339.0,3384.0,3383.0,3382.0,3381.0,3380.0,1.0,6.0,14.0,5.0,11.0,3387.0,3388.0,3389.0,3390.0,3391.0,1.0,24.0,5.0,5.0,2.0
2024-07-02,2024-07-02 09:05:47.500,RB2408,3387.0,3399.0,3399.0,3382.0,0.0,0.0,3555.0,3216.0,3386.0,3383.0,0.0,319.0,10823530.0,6339.0,3383.0,3382.0,3381.0,3380.0,3379.0,6.0,14.0,5.0,11.0,5.0,3387.0,3388.0,3389.0,3390.0,3391.0,1.0,24.0,5.0,5.0,2.0
2024-07-02,2024-07-02 09:05:48.000,RB2408,3387.0,3399.0,3399.0,3382.0,0.0,0.0,3555.0,3216.0,3386.0,3383.0,0.0,319.0,10823530.0,6339.0,3384.0,3383.0,3382.0,3381.0,3380.0,1.0,6.0,14.0,5.0,11.0,3387.0,3388.0,3389.0,3390.0,3391.0,1.0,24.0,5.0,5.0,2.0
2024-07-02,2024-07-02 09:05:50.500,RB2408,3387.0,3399.0,3399.0,3382.0,0.0,0.0,3555.0,3216.0,3386.0,3383.0,0.0,319.0,10823530.0,6339.0,3384.0,3383.0,3382.0,3381.0,3380.0,1.0,1.0,14.0,5.0,11.0,3387.0,3388.0,3389.0,3390.0,3391.0,1.0,24.0,5.0,5.0,2.0
2024-07-02,2024-07-02 09:05:51.000,RB2408,3387.0,3399.0,3399.0,3382.0,0.0,0.0,3555.0,3216.0,3386.0,3383.0,0.0,319.0,10823530.0,6339.0,3383.0,3382.0,3381.0,3380.0,3379.0,1.0,14.0,5.0,11.0,5.0,3386.0,3387.0,3388.0,3389.0,3390.0,1.0,6.0,24.0,5.0,5.0
2024-07-02,2024-07-02 09:05:51.500,RB2408,3387.0,3399.0,3399.0,3382.0,0.0,0.0,3555.0,3216.0,3386.0,3383.0,0.0,319.0,10823530.0,6339.0,3383.0,3382.0,3381.0,3380.0,3379.0,1.0,14.0,5.0,11.0,5.0,3386.0,3387.0,3388.0,3389.0,3390.0,2.0,6.0,24.0,5.0,5.0
2024-07-02,2024-07-02 09:06:00.000,RB2408,3387.0,3399.0,3399.0,3382.0,0.0,0.0,3555.0,3216.0,3386.0,3383.0,0.0,319.0,10823530.0,6339.0,3383.0,3382.0,3381.0,3380.0,3379.0,1.0,14.0,5.0,11.0,5.0,3386.0,3387.0,3388.0,3389.0,3390.0,7.0,6.0,24.0,5.0,5.0
2024-07-02,2024-07-02 09:06:00.500,RB2408,3387.0,3399.0,3399.0,3382.0,0.0,0.0,3555.0,3216.0,3386.0,3383.0,0.0,319.0,10823530.0,6339.0,3383.0,3382.0,3381.0,3380.0,3379.0,1.0,13.0,5.0,11.0,5.0,3386.0,3387.0,3388.0,3389.0,3390.0,7.0,7.0,24.0,5.0,5.0
2024-07-02,2024-07-02 09:06:01.000,RB2408,3387.0,3399.0,3399.0,3382.0,0.0,0.0,3555.0,3216.0,3386.0,3383.0,0.0,319.0,10823530.0,6339.0,3383.0,3382.0,3381.0,3380.0,3379.0,1.0,13.0,7.0,11.0,5.0,3386.0,3387.0,3388.0,3389.0,3390.0,7.0,7.0,24.0,5.0,5.0
2024-07-02,2024-07-02 09:06:03.000,RB2408,3387.0,3399.0,3399.0,3382.0,0.0,0.0,3555.0,3216.0,3386.0,3383.0,0.0,319.0,10823530.0,6339.0,3383.0,3382.0,3381.0,3380.0,3379.0,6.0,13.0,7.0,11.0,5.0,3386.0,3387.0,3388.0,3389.0,3390.0,7.0,7.0,24.0,5.0,5.0
2024-07-02,2024-07-02 09:06:26.000,RB2408,3387.0,3399.0,3399.0,3382.0,0.0,0.0,3555.0,3216.0,3386.0,3383.0,0.0,319.0,10823530.0,6339.0,3383.0,3382.0,3381.0,3380.0,3379.0,6.0,13.0,7.0,11.0,5.0,3385.0,3386.0,3387.0,3388.0,3389.0,1.0,6.0,7.0,24.0,5.0
2024-07-02,2024-07-02 09:06:26.500,RB2408,3387.0,3399.0,3399.0,3382.0,0.0,0.0,3555.0,3216.0,3386.0,3383.0,0.0,319.0,10823530.0,6339.0,3383.0,3382.0,3381.0,3380.0,3379.0,6.0,11.0,7.0,11.0,5.0,3385.0,3386.0,3387.0,3388.0,3389.0,1.0,5.0,7.0,24.0,5.0
2024-07-02,2024-07-02 09:06:27.000,RB2408,3387.0,3399.0,3399.0,3382.0,0.0,0.0,3555.0,3216.0,3386.0,3383.0,0.0,319.0,10823530.0,6339.0,3383.0,3382.0,3381.0,3380.0,3379.0,6.0,11.0,9.0,11.0,5.0,3385.0,3386.0,3387.0,3388.0,3389.0,1.0,5.0,7.0,24.0,5.0
2024-07-02,2024-07-02 09:06:37.500,RB2408,3387.0,3399.0,3399.0,3382.0,0.0,0.0,3555.0,3216.0,3386.0,3383.0,0.0,319.0,10823530.0,6339.0,3383.0,3382.0,3381.0,3380.0,3379.0,1.0,11.0,9.0,11.0,5.0,3385.0,3386.0,3387.0,3388.0,3389.0,1.0,5.0,7.0,24.0,5.0
2024-07-02,2024-07-02 09:06:38.500,RB2408,3387.0,3399.0,3399.0,3382.0,0.0,0.0,3555.0,3216.0,3386.0,3383.0,0.0,319.0,10823530.0,6339.0,3383.0,3382.0,3381.0,3380.0,3379.0,1.0,10.0,9.0,11.0,5.0,3385.0,3386.0,3387.0,3388.0,3389.0,6.0,5.0,7.0,24.0,5.0
2024-07-02,2024-07-02 09:06:39.000,RB2408,3387.0,3399.0,3399.0,3382.0,0.0,0.0,3555.0,3216.0,3386.0,3383.0,0.0,319.0,10823530.0,6339.0,3383.0,3382.0,3381.0,3380.0,3379.0,1.0,10.0,10.0,11.0,5.0,3385.0,3386.0,3387.0,3388.0,3389.0,6.0,5.0,6.0,24.0,5.0
2024-07-02,2024-07-02 09:06:39.500,RB2408,3387.0,3399.0,3399.0,3382.0,0.0,0.0,3555.0,3216.0,3386.0,3383.0,0.0,319.0,10823530.0,6339.0,3383.0,3382.0,3381.0,3380.0,3379.0,1.0,10.0,10.0,11.0,5.0,3385.0,3386.0,3387.0,3388.0,3389.0,6.0,6.0,6.0,24.0,5.0
2024-07-02,2024-07-02 09:06:40.000,RB2408,3387.0,3399.0,3399.0,3382.0,0.0,0.0,3555.0,3216.0,3386.0,3383.0,0.0,319.0,10823530.0,6339.0,3383.0,3382.0,3381.0,3380.0,3379.0,1.0,10.0,10.0,11.0,5.0,3385.0,3386.0,3387.0,3388.0,3389.0,6.0,6.0,6.0,26.0,5.0
2024-07-02,2024-07-02 09:07:03.000,RB2408,3387.0,3399.0,3399.0,3382.0,0.0,0.0,3555.0,3216.0,3386.0,3383.0,0.0,320.0,10857400.0,6338.0,3383.0,3382.0,3381.0,3380.0,3379.0,1.0,10.0,10.0,11.0,5.0,3385.0,3386.0,3387.0,3388.0,3389.0,5.0,7.0,6.0,26.0,5.0
2024-07-02,2024-07-02 09:07:03.500,RB2408,3387.0,3399.0,3399.0,3382.0,0.0,0.0,3555.0,3216.0,3386.0,3383.0,0.0,320.0,10857400.0,6338.0,3383.0,3382.0,3381.0,3380.0,3379.0,2.0,10.0,10.0,11.0,5.0,3385.0,3386.0,3387.0,3388.0,3389.0,5.0,7.0,6.0,26.0,5.0
2024-07-02,2024-07-02 09:07:05.500,RB2408,3387.0,3399.0,3399.0,3382.0,0.0,0.0,3555.0,3216.0,3386.0,3383.0,0.0,320.0,10857400.0,6338.0,3383.0,3382.0,3381.0,3380.0,3379.0,2.0,10.0,8.0,11.0,5.0,3385.0,3386.0,3387.0,3388.0,3389.0,5.0,7.0,6.0,26.0,5.0
2024-07-02,2024-07-02 09:07:06.000,RB2408,3387.0,3399.0,3399.0,3382.0,0.0,0.0,3555.0,3216.0,3386.0,3383.0,0.0,320.0,10857400.0,6338.0,3383.0,3382.0,3381.0,3380.0,3379.0,1.0,10.0,8.0,13.0,5.0,3385.0,3386.0,3387.0,3388.0,3389.0,5.0,7.0,6.0,26.0,5.0
2024-07-02,2024-07-02 09:07:07.000,RB2408,3387.0,3399.0,3399.0,3382.0,0.0,0.0,3555.0,3216.0,3386.0,3383.0,0.0,320.0,10857400.0,6338.0,3382.0,3381.0,3380.0,3379.0,3378.0,10.0,8.0,13.0,5.0,1.0,3385.0,3386.0,3387.0,3388.0,3389.0,5.0,7.0,6.0,26.0,5.0
2024-07-02,2024-07-02 09:07:07.500,RB2408,3387.0,3399.0,3399.0,3382.0,0.0,0.0,3555.0,3216.0,3386.0,3383.0,0.0,320.0,10857400.0,6338.0,3382.0,3381.0,3380.0,3379.0,3378.0,11.0,8.0,13.0,5.0,1.0,3385.0,3386.0,3387.0,3388.0,3389.0,5.0,7.0,6.0,26.0,5.0
2024-07-02,2024-07-02 09:07:08.000,RB2408,3387.0,3399.0,3399.0,3382.0,0.0,0.0,3555.0,3216.0,3386.0,3383.0,0.0,320.0,10857400.0,6338.0,3382.0,3381.0,3380.0,3379.0,3378.0,6.0,8.0,13.0,5.0,1.0,3385.0,3386.0,3387.0,3388.0,3389.0,5.0,7.0,6.0,26.0,5.0
2024-07-02,2024-07-02 09:07:08.500,RB2408,3387.0,3399.0,3399.0,3382.0,0.0,0.0,3555.0,3216.0,3386.0,3383.0,0.0,320.0,10857400.0,6338.0,3382.0,3381.0,3380.0,3379.0,3378.0,6.0,5.0,13.0,5.0,1.0,3385.0,3386.0,3387.0,3388.0,3389.0,5.0,7.0,6.0,26.0,5.0
2024-07-02,2024-07-02 09:07:09.000,RB2408,3387.0,3399.0,3399.0,3382.0,0.0,0.0,3555.0,3216.0,3386.0,3383.0,0.0,320.0,10857400.0,6338.0,3382.0,3381.0,3380.0,3379.0,3378.0,6.0,5.0,14.0,5.0,1.0,3385.0,3386.0,3387.0,3388.0,3389.0,5.0,7.0,6.0,26.0,5.0
2024-07-02,2024-07-02 09:07:09.500,RB2408,3387.0,3399.0,3399.0,3382.0,0.0,0.0,3555.0,3216.0,3386.0,3383.0,0.0,320.0,10857400.0,6338.0,3382.0,3381.0,3380.0,3379.0,3378.0,6.0,5.0,14.0,7.0,1.0,3385.0,3386.0,3387.0,3388.0,3389.0,6.0,7.0,6.0,26.0,5.0
2024-07-02,2024-07-02 09:07:13.000,RB2408,3387.0,3399.0,3399.0,3382.0,0.0,0.0,3555.0,3216.0,3386.0,3383.0,0.0,320.0,10857400.0,6338.0,3382.0,3381.0,3380.0,3379.0,3378.0,6.0,5.0,14.0,7.0,1.0,3386.0,3387.0,3388.0,3389.0,3390.0,7.0,6.0,26.0,5.0,5.0
2024-07-02,2024-07-02 09:07:13.500,RB2408,3387.0,3399.0,3399.0,3382.0,0.0,0.0,3555.0,3216.0,3386.0,3383.0,0.0,320.0,10857400.0,6338.0,3382.0,3381.0,3380.0,3379.0,3378.0,11.0,5.0,13.0,7.0,1.0,3385.0,3386.0,3387.0,3388.0,3389.0,1.0,8.0,6.0,26.0,5.0
2024-07-02,2024-07-02 09:07:14.000,RB2408,3387.0,3399.0,3399.0,3382.0,0.0,0.0,3555.0,3216.0,3386.0,3383.0,0.0,320.0,10857400.0,6338.0,3382.0,3381.0,3380.0,3379.0,3378.0,11.0,6.0,13.0,7.0,1.0,3385.0,3386.0,3387.0,3388.0,3389.0,1.0,7.0,6.0,26.0,5.0
2024-07-02,2024-07-02 09:07:14.500,RB2408,3387.0,3399.0,3399.0,3382.0,0.0,0.0,3555.0,3216.0,3386.0,3383.0,0.0,321.0,10891270.0,6338.0,3382.0,3381.0,3380.0,3379.0,3378.0,11.0,6.0,13.0,7.0,1.0,3386.0,3387.0,3388.0,3389.0,3390.0,7.0,6.0,26.0,5.0,5.0
2024-07-02,2024-07-02 09:07:15.000,RB2408,3387.0,3399.0,3399.0,3382.0,0.0,0.0,3555.0,3216.0,3386.0,3383.0,0.0,321.0,10891270.0,6338.0,3383.0,3382.0,3381.0,3380.0,3379.0,1.0,10.0,6.0,13.0,7.0,3386.0,3387.0,3388.0,3389.0,3390.0,8.0,6.0,26.0,5.0,5.0
2024-07-02,2024-07-02 09:07:17.500,RB2408,3387.0,3399.0,3399.0,3382.0,0.0,0.0,3555.0,3216.0,3386.0,3383.0,0.0,321.0,10891270.0,6338.0,3383.0,3382.0,3381.0,3380.0,3379.0,1.0,10.0,6.0,13.0,7.0,3386.0,3387.0,3388.0,3389.0,3390.0,7.0,6.0,26.0,5.0,5.0
2024-07-02,2024-07-02 09:07:18.000,RB2408,3387.0,3399.0,3399.0,3382.0,0.0,0.0,3555.0,3216.0,3386.0,3383.0,0.0,321.0,10891270.0,6338.0,3382.0,3381.0,3380.0,3379.0,3378.0,11.0,6.0,13.0,7.0,1.0,3386.0,3387.0,3388.0,3389.0,3390.0,7.0,6.0,26.0,5.0,5.0
2024-07-02,2024-07-02 09:07:18.500,RB2408,3387.0,3399.0,3399.0,3382.0,0.0,0.0,3555.0,3216.0,3386.0,3383.0,0.0,321.0,10891270.0,6338.0,3383.0,3382.0,3381.0,3380.0,3379.0,1.0,11.0,6.0,13.0,7.0,3386.0,3387.0,3388.0,3389.0,3390.0,8.0,6.0,26.0,5.0,5.0
2024-07-02,2024-07-02 09:07:19.000,RB2408,3387.0,3399.0,3399.0,3382.0,0.0,0.0,3555.0,3216.0,3386.0,3383.0,0.0,321.0,10891270.0,6338.0,3383.0,3382.0,3381.0,3380.0,3379.0,1.0,11.0,6.0,13.0,7.0,3386.0,3387.0,3388.0,3389.0,3390.0,7.0,6.0,26.0,5.0,5.0
2024-07-02,2024-07-02 09:07:19.500,RB2408,3387.0,3399.0,3399.0,3382.0,0.0,0.0,3555.0,3216.0,3386.0,3383.0,0.0,321.0,10891270.0,6338.0,3383.0,3382.0,3381.0,3380.0,3379.0,1.0,11.0,6.0,13.0,7.0,3386.0,3387.0,3388.0,3389.0,3390.0,8.0,6.0,26.0,5.0,5.0
2024-07-02,2024-07-02 09:07:20.000,RB2408,3387.0,3399.0,3399.0,3382.0,0.0,0.0,3555.0,3216.0,3386.0,3383.0,0.0,321.0,10891270.0,6338.0,3383.0,3382.0,3381.0,3380.0,3379.0,1.0,11.0,6.0,13.0,7.0,3386.0,3387.0,3388.0,3389.0,3390.0,7.0,6.0,26.0,5.0,5.0
2024-07-02,2024-07-02 09:07:21.000,RB2408,3387.0,3399.0,3399.0,3382.0,0.0,0.0,3555.0,3216.0,3386.0,3383.0,0.0,321.0,10891270.0,6338.0,3383.0,3382.0,3381.0,3380.0,3379.0,1.0,11.0,6.0,13.0,7.0,3386.0,3387.0,3388.0,3389.0,3390.0,8.0,6.0,26.0,5.0,5.0
2024-07-02,2024-07-02 09:07:22.000,RB2408,3387.0,3399.0,3399.0,3382.0,0.0,0.0,3555.0,3216.0,3386.0,3383.0,0.0,321.0,10891270.0,6338.0,3383.0,3382.0,3381.0,3380.0,3379.0,1.0,11.0,6.0,13.0,7.0,3386.0,3387.0,3388.0,3389.0,3390.0,7.0,6.0,26.0,5.0,5.0
2024-07-02,2024-07-02 09:07:23.000,RB2408,3387.0,3399.0,3399.0,3382.0,0.0,0.0,3555.0,3216.0,3386.0,3383.0,0.0,321.0,10891270.0,6338.0,3383.0,3382.0,3381.0,3380.0,3379.0,1.0,11.0,6.0,13.0,7.0,3386.0,3387.0,3388.0,3389.0,3390.0,8.0,6.0,26.0,5.0,5.0
2024-07-02,2024-07-02 09:07:24.500,RB2408,3387.0,3399.0,3399.0,3382.0,0.0,0.0,3555.0,3216.0,3386.0,3383.0,0.0,321.0,10891270.0,6338.0,3383.0,3382.0,3381.0,3380.0,3379.0,1.0,11.0,6.0,13.0,7.0,3386.0,3387.0,3388.0,3389.0,3390.0,7.0,6.0,26.0,5.0,5.0
2024-07-02,2024-07-02 09:07:25.500,RB2408,3387.0,3399.0,3399.0,3382.0,0.0,0.0,3555.0,3216.0,3386.0,3383.0,0.0,321.0,10891270.0,6338.0,3383.0,3382.0,3381.0,3380.0,3379.0,1.0,11.0,6.0,13.0,7.0,3386.0,3387.0,3388.0,3389.0,3390.0,8.0,6.0,26.0,5.0,5.0
2024-07-02,2024-07-02 09:07:26.000,RB2408,3387.0,3399.0,3399.0,3382.0,0.0,0.0,3555.0,3216.0,3386.0,3383.0,0.0,321.0,10891270.0,6338.0,3383.0,3382.0,3381.0,3380.0,3379.0,1.0,11.0,6.0,13.0,7.0,3386.0,3387.0,3388.0,3389.0,3390.0,6.0,6.0,26.0,5.0,5.0
2024-07-02,2024-07-02 09:07:26.500,RB2408,3387.0,3399.0,3399.0,3382.0,0.0,0.0,3555.0,3216.0,3386.0,3383.0,0.0,321.0,10891270.0,6338.0,3383.0,3382.0,3381.0,3380.0,3379.0,1.0,11.0,6.0,13.0,7.0,3386.0,3387.0,3388.0,3389.0,3390.0,1.0,7.0,26.0,5.0,5.0
2024-07-02,2024-07-02 09:07:27.000,RB2408,3387.0,3399.0,3399.0,3382.0,0.0,0.0,3555.0,3216.0,3386.0,3383.0,0.0,321.0,10891270.0,6338.0,3383.0,3382.0,3381.0,3380.0,3379.0,2.0,11.0,5.0,13.0,7.0,3386.0,3387.0,3388.0,3389.0,3390.0,1.0,7.0,26.0,5.0,5.0
2024-07-02,2024-07-02 09:07:27.500,RB2408,3387.0,3399.0,3399.0,3382.0,0.0,0.0,3555.0,3216.0,3386.0,3383.0,0.0,321.0,10891270.0,6338.0,3383.0,3382.0,3381.0,3380.0,3379.0,7.0,12.0,5.0,13.0,7.0,3386.0,3387.0,3388.0,3389.0,3390.0,1.0,7.0,26.0,5.0,5.0
2024-07-02,2024-07-02 09:07:29.500,RB2408,3387.0,3399.0,3399.0,3382.0,0.0,0.0,3555.0,3216.0,3386.0,3383.0,0.0,321.0,10891270.0,6338.0,3383.0,3382.0,3381.0,3380.0,3379.0,2.0,11.0,5.0,13.0,7.0,3386.0,3387.0,3388.0,3389.0,3390.0,2.0,7.0,26.0,5.0,5.0
2024-07-02,2024-07-02 09:07:30.000,RB2408,3387.0,3399.0,3399.0,3382.0,0.0,0.0,3555.0,3216.0,3386.0,3383.0,0.0,321.0,10891270.0,6338.0,3383.0,3382.0,3381.0,3380.0,3379.0,2.0,11.0,6.0,13.0,7.0,3386.0,3387.0,3388.0,3389.0,3390.0,2.0,7.0,26.0,5.0,5.0
2024-07-02,2024-07-02 09:07:30.500,RB2408,3387.0,3399.0,3399.0,3382.0,0.0,0.0,3555.0,3216.0,3386.0,3383.0,0.0,321.0,10891270.0,6338.0,3383.0,3382.0,3381.0,3380.0,3379.0,2.0,11.0,8.0,13.0,5.0,3386.0,3387.0,3388.0,3389.0,3390.0,2.0,7.0,26.0,5.0,5.0
2024-07-02,2024-07-02 09:07:31.000,RB2408,3387.0,3399.0,3399.0,3382.0,0.0,0.0,3555.0,3216.0,3386.0,3383.0,0.0,321.0,10891270.0,6338.0,3383.0,3382.0,3381.0,3380.0,3379.0,2.0,11.0,8.0,13.0,5.0,3386.0,3387.0,3388.0,3389.0,3390.0,1.0,7.0,26.0,5.0,5.0
2024-07-02,2024-07-02 09:07:32.000,RB2408,3387.0,3399.0,3399.0,3382.0,0.0,0.0,3555.0,3216.0,3386.0,3383.0,0.0,321.0,10891270.0,6338.0,3383.0,3382.0,3381.0,3380.0,3379.0,2.0,11.0,8.0,13.0,5.0,3386.0,3387.0,3388.0,3389.0,3390.0,6.0,7.0,26.0,5.0,5.0
2024-07-02,2024-07-02 09:07:32.500,RB2408,3387.0,3399.0,3399.0,3382.0,0.0,0.0,3555.0,3216.0,3386.0,3383.0,0.0,321.0,10891270.0,6338.0,3383.0,3382.0,3381.0,3380.0,3379.0,2.0,11.0,8.0,13.0,5.0,3386.0,3387.0,3388.0,3389.0,3390.0,2.0,7.0,26.0,5.0,5.0
2024-07-02,2024-07-02 09:07:33.000,RB2408,3387.0,3399.0,3399.0,3382.0,0.0,0.0,3555.0,3216.0,3386.0,3383.0,0.0,321.0,10891270.0,6338.0,3383.0,3382.0,3381.0,3380.0,3379.0,2.0,11.0,8.0,13.0,5.0,3386.0,3387.0,3388.0,3389.0,3390.0,1.0,7.0,26.0,5.0,5.0
2024-07-02,2024-07-02 09:07:33.500,RB2408,3387.0,3399.0,3399.0,3382.0,0.0,0.0,3555.0,3216.0,3386.0,3383.0,0.0,321.0,10891270.0,6338.0,3383.0,3382.0,3381.0,3380.0,3379.0,2.0,11.0,8.0,13.0,5.0,3386.0,3387.0,3388.0,3389.0,3390.0,6.0,7.0,26.0,5.0,5.0
2024-07-02,2024-07-02 09:07:34.000,RB2408,3387.0,3399.0,3399.0,3382.0,0.0,0.0,3555.0,3216.0,3386.0,3383.0,0.0,321.0,10891270.0,6338.0,3383.0,3382.0,3381.0,3380.0,3379.0,2.0,11.0,8.0,13.0,5.0,3386.0,3387.0,3388.0,3389.0,3390.0,1.0,7.0,26.0,5.0,5.0
2024-07-02,2024-07-02 09:07:35.000,RB2408,3387.0,3399.0,3399.0,3382.0,0.0,0.0,3555.0,3216.0,3386.0,3383.0,0.0,321.0,10891270.0,6338.0,3383.0,3382.0,3381.0,3380.0,3379.0,2.0,11.0,8.0,13.0,5.0,3386.0,3387.0,3388.0,3389.0,3390.0,6.0,7.0,26.0,5.0,5.0
2024-07-02,2024-07-02 09:07:36.000,RB2408,3387.0,3399.0,3399.0,3382.0,0.0,0.0,3555.0,3216.0,3386.0,3383.0,0.0,321.0,10891270.0,6338.0,3383.0,3382.0,3381.0,3380.0,3379.0,2.0,11.0,8.0,13.0,5.0,3386.0,3387.0,3388.0,3389.0,3390.0,7.0,7.0,26.0,5.0,5.0
2024-07-02,2024-07-02 09:07:39.000,RB2408,3387.0,3399.0,3399.0,3382.0,0.0,0.0,3555.0,3216.0,3386.0,3383.0,0.0,321.0,10891270.0,6338.0,3383.0,3382.0,3381.0,3380.0,3379.0,2.0,11.0,8.0,13.0,5.0,3386.0,3387.0,3388.0,3389.0,3390.0,6.0,7.0,26.0,5.0,5.0
2024-07-02,2024-07-02 09:07:39.500,RB2408,3387.0,3399.0,3399.0,3382.0,0.0,0.0,3555.0,3216.0,3386.0,3383.0,0.0,321.0,10891270.0,6338.0,3383.0,3382.0,3381.0,3380.0,3379.0,2.0,11.0,8.0,13.0,5.0,3386.0,3387.0,3388.0,3389.0,3390.0,7.0,7.0,26.0,5.0,5.0
2024-07-02,2024-07-02 09:07:40.000,RB2408,3387.0,3399.0,3399.0,3382.0,0.0,0.0,3555.0,3216.0,3386.0,3383.0,0.0,321.0,10891270.0,6338.0,3383.0,3382.0,3381.0,3380.0,3379.0,2.0,11.0,8.0,13.0,5.0,3386.0,3387.0,3388.0,3389.0,3390.0,6.0,7.0,26.0,5.0,5.0
2024-07-02,2024-07-02 09:07:41.000,RB2408,3387.0,3399.0,3399.0,3382.0,0.0,0.0,3555.0,3216.0,3386.0,3383.0,0.0,321.0,10891270.0,6338.0,3383.0,3382.0,3381.0,3380.0,3379.0,2.0,11.0,8.0,13.0,5.0,3386.0,3387.0,3388.0,3389.0,3390.0,7.0,7.0,26.0,5.0,5.0
2024-07-02,2024-07-02 09:07:41.500,RB2408,3387.0,3399.0,3399.0,3382.0,0.0,0.0,3555.0,3216.0,3386.0,3383.0,0.0,321.0,10891270.0,6338.0,3383.0,3382.0,3381.0,3380.0,3379.0,2.0,11.0,8.0,13.0,5.0,3386.0,3387.0,3388.0,3389.0,3390.0,6.0,7.0,26.0,5.0,5.0
2024-07-02,2024-07-02 09:07:42.000,RB2408,3387.0,3399.0,3399.0,3382.0,0.0,0.0,3555.0,3216.0,3386.0,3383.0,0.0,321.0,10891270.0,6338.0,3383.0,3382.0,3381.0,3380.0,3379.0,2.0,11.0,8.0,13.0,5.0,3386.0,3387.0,3388.0,3389.0,3390.0,1.0,7.0,26.0,5.0,5.0
2024-07-02,2024-07-02 09:07:42.500,RB2408,3387.0,3399.0,3399.0,3382.0,0.0,0.0,3555.0,3216.0,3386.0,3383.0,0.0,321.0,10891270.0,6338.0,3383.0,3382.0,3381.0,3380.0,3379.0,2.0,11.0,8.0,13.0,5.0,3386.0,3387.0,3388.0,3389.0,3390.0,7.0,7.0,26.0,5.0,5.0
2024-07-02,2024-07-02 09:07:43.000,RB2408,3387.0,3399.0,3399.0,3382.0,0.0,0.0,3555.0,3216.0,3386.0,3383.0,0.0,321.0,10891270.0,6338.0,3383.0,3382.0,3381.0,3380.0,3379.0,2.0,11.0,8.0,13.0,5.0,3386.0,3387.0,3388.0,3389.0,3390.0,6.0,7.0,26.0,5.0,5.0
2024-07-02,2024-07-02 09:07:43.500,RB2408,3387.0,3399.0,3399.0,3382.0,0.0,0.0,3555.0,3216.0,3386.0,3383.0,0.0,321.0,10891270.0,6338.0,3383.0,3382.0,3381.0,3380.0,3379.0,2.0,11.0,8.0,13.0,5.0,3386.0,3387.0,3388.0,3389.0,3390.0,1.0,7.0,26.0,5.0,5.0
2024-07-02,2024-07-02 09:07:44.000,RB2408,3387.0,3399.0,3399.0,3382.0,0.0,0.0,3555.0,3216.0,3386.0,3383.0,0.0,321.0,10891270.0,6338.0,3383.0,3382.0,3381.0,3380.0,3379.0,2.0,11.0,8.0,13.0,5.0,3386.0,3387.0,3388.0,3389.0,3390.0,2.0,7.0,26.0,5.0,5.0
2024-07-02,2024-07-02 09:07:44.500,RB2408,3387.0,3399.0,3399.0,3382.0,0.0,0.0,3555.0,3216.0,3386.0,3383.0,0.0,321.0,10891270.0,6338.0,3383.0,3382.0,3381.0,3380.0,3379.0,2.0,11.0,8.0,13.0,5.0,3386.0,3387.0,3388.0,3389.0,3390.0,6.0,7.0,26.0,5.0,5.0
2024-07-02,2024-07-02 09:07:45.500,RB2408,3387.0,3399.0,3399.0,3382.0,0.0,0.0,3555.0,3216.0,3386.0,3383.0,0.0,321.0,10891270.0,6338.0,3383.0,3382.0,3381.0,3380.0,3379.0,2.0,11.0,8.0,13.0,5.0,3386.0,3387.0,3388.0,3389.0,3390.0,7.0,7.0,26.0,5.0,5.0
2024-07-02,2024-07-02 09:07:47.000,RB2408,3387.0,3399.0,3399.0,3382.0,0.0,0.0,3555.0,3216.0,3386.0,3383.0,0.0,321.0,10891270.0,6338.0,3383.0,3382.0,3381.0,3380.0,3379.0,2.0,11.0,8.0,13.0,5.0,3386.0,3387.0,3388.0,3389.0,3390.0,6.0,7.0,26.0,5.0,5.0
2024-07-02,2024-07-02 09:07:48.000,RB2408,3387.0,3399.0,3399.0,3382.0,0.0,0.0,3555.0,3216.0,3386.0,3383.0,0.0,321.0,10891270.0,6338.0,3383.0,3382.0,3381.0,3380.0,3379.0,2.0,11.0,8.0,13.0,5.0,3386.0,3387.0,3388.0,3389.0,3390.0,1.0,7.0,26.0,5.0,5.0
2024-07-02,2024-07-02 09:07:48.500,RB2408,3387.0,3399.0,3399.0,3382.0,0.0,0.0,3555.0,3216.0,3386.0,3383.0,0.0,321.0,10891270.0,6338.0,3383.0,3382.0,3381.0,3380.0,3379.0,2.0,11.0,8.0,13.0,5.0,3386.0,3387.0,3388.0,3389.0,3390.0,2.0,7.0,26.0,5.0,5.0
2024-07-02,2024-07-02 09:07:49.000,RB2408,3387.0,3399.0,3399.0,3382.0,0.0,0.0,3555.0,3216.0,3386.0,3383.0,0.0,321.0,10891270.0,6338.0,3383.0,3382.0,3381.0,3380.0,3379.0,2.0,11.0,8.0,13.0,5.0,3386.0,3387.0,3388.0,3389.0,3390.0,1.0,7.0,26.0,5.0,5.0
2024-07-02,2024-07-02 09:07:50.000,RB2408,3387.0,3399.0,3399.0,3382.0,0.0,0.0,3555.0,3216.0,3386.0,3383.0,0.0,321.0,10891270.0,6338.0,3383.0,3382.0,3381.0,3380.0,3379.0,2.0,11.0,8.0,13.0,5.0,3386.0,3387.0,3388.0,3389.0,3390.0,2.0,7.0,26.0,5.0,5.0
2024-07-02,2024-07-02 09:07:52.500,RB2408,3387.0,3399.0,3399.0,3382.0,0.0,0.0,3555.0,3216.0,3386.0,3383.0,0.0,321.0,10891270.0,6338.0,3383.0,3382.0,3381.0,3380.0,3379.0,2.0,11.0,8.0,13.0,5.0,3386.0,3387.0,3388.0,3389.0,3390.0,1.0,7.0,26.0,5.0,5.0
2024-07-02,2024-07-02 09:07:53.500,RB2408,3387.0,3399.0,3399.0,3382.0,0.0,0.0,3555.0,3216.0,3386.0,3383.0,0.0,321.0,10891270.0,6338.0,3383.0,3382.0,3381.0,3380.0,3379.0,2.0,11.0,8.0,13.0,5.0,3386.0,3387.0,3388.0,3389.0,3390.0,7.0,7.0,26.0,5.0,5.0
2024-07-02,2024-07-02 09:07:54.000,RB2408,3387.0,3399.0,3399.0,3382.0,0.0,0.0,3555.0,3216.0,3386.0,3383.0,0.0,321.0,10891270.0,6338.0,3383.0,3382.0,3381.0,3380.0,3379.0,2.0,11.0,8.0,13.0,5.0,3386.0,3387.0,3388.0,3389.0,3390.0,2.0,7.0,26.0,5.0,5.0
2024-07-02,2024-07-02 09:07:54.500,RB2408,3387.0,3399.0,3399.0,3382.0,0.0,0.0,3555.0,3216.0,3386.0,3383.0,0.0,321.0,10891270.0,6338.0,3383.0,3382.0,3381.0,3380.0,3379.0,2.0,11.0,8.0,13.0,5.0,3386.0,3387.0,3388.0,3389.0,3390.0,1.0,7.0,26.0,5.0,5.0
2024-07-02,2024-07-02 09:07:55.000,RB2408,3387.0,3399.0,3399.0,3382.0,0.0,0.0,3555.0,3216.0,3386.0,3383.0,0.0,321.0,10891270.0,6338.0,3383.0,3382.0,3381.0,3380.0,3379.0,2.0,11.0,8.0,13.0,5.0,3386.0,3387.0,3388.0,3389.0,3390.0,2.0,7.0,26.0,5.0,5.0
2024-07-02,2024-07-02 09:07:55.500,RB2408,3387.0,3399.0,3399.0,3382.0,0.0,0.0,3555.0,3216.0,3386.0,3383.0,0.0,321.0,10891270.0,6338.0,3383.0,3382.0,3381.0,3380.0,3379.0,2.0,11.0,8.0,13.0,5.0,3386.0,3387.0,3388.0,3389.0,3390.0,1.0,7.0,26.0,5.0,5.0
2024-07-02,2024-07-02 09:07:56.000,RB2408,3387.0,3399.0,3399.0,3382.0,0.0,0.0,3555.0,3216.0,3386.0,3383.0,0.0,321.0,10891270.0,6338.0,3383.0,3382.0,3381.0,3380.0,3379.0,2.0,11.0,8.0,13.0,5.0,3386.0,3387.0,3388.0,3389.0,3390.0,2.0,7.0,26.0,5.0,5.0
2024-07-02,2024-07-02 09:07:56.500,RB2408,3387.0,3399.0,3399.0,3382.0,0.0,0.0,3555.0,3216.0,3386.0,3383.0,0.0,321.0,10891270.0,6338.0,3383.0,3382.0,3381.0,3380.0,3379.0,2.0,11.0,7.0,13.0,5.0,3386.0,3387.0,3388.0,3389.0,3390.0,1.0,6.0,26.0,5.0,5.0
2024-07-02,2024-07-02 09:07:57.000,RB2408,3387.0,3399.0,3399.0,3382.0,0.0,0.0,3555.0,3216.0,3386.0,3383.0,0.0,321.0,10891270.0,6338.0,3383.0,3382.0,3381.0,3380.0,3379.0,7.0,12.0,7.0,13.0,5.0,3386.0,3387.0,3388.0,3389.0,3390.0,1.0,6.0,27.0,5.0,5.0
2024-07-02,2024-07-02 09:07:58.500,RB2408,3387.0,3399.0,3399.0,3382.0,0.0,0.0,3555.0,3216.0,3386.0,3383.0,0.0,321.0,10891270.0,6338.0,3383.0,3382.0,3381.0,3380.0,3379.0,7.0,12.0,7.0,13.0,5.0,3386.0,3387.0,3388.0,3389.0,3390.0,1.0,6.0,25.0,5.0,5.0
2024-07-02,2024-07-02 09:07:59.000,RB2408,3387.0,3399.0,3399.0,3382.0,0.0,0.0,3555.0,3216.0,3386.0,3383.0,0.0,321.0,10891270.0,6338.0,3383.0,3382.0,3381.0,3380.0,3379.0,7.0,12.0,7.0,13.0,5.0,3386.0,3387.0,3388.0,3389.0,3390.0,1.0,6.0,25.0,7.0,5.0
2024-07-02,2024-07-02 09:08:03.000,RB2408,3387.0,3399.0,3399.0,3382.0,0.0,0.0,3555.0,3216.0,3386.0,3383.0,0.0,321.0,10891270.0,6338.0,3383.0,3382.0,3381.0,3380.0,3379.0,7.0,12.0,7.0,13.0,5.0,3387.0,3388.0,3389.0,3390.0,3392.0,6.0,25.0,7.0,5.0,1.0
2024-07-02,2024-07-02 09:08:03.500,RB2408,3387.0,3399.0,3399.0,3382.0,0.0,0.0,3555.0,3216.0,3386.0,3383.0,0.0,321.0,10891270.0,6338.0,3383.0,3382.0,3381.0,3380.0,3379.0,7.0,12.0,7.0,13.0,5.0,3387.0,3388.0,3389.0,3390.0,3392.0,7.0,25.0,7.0,5.0,1.0
2024-07-02,2024-07-02 09:08:04.500,RB2408,3387.0,3399.0,3399.0,3382.0,0.0,0.0,3555.0,3216.0,3386.0,3383.0,0.0,321.0,10891270.0,6338.0,3383.0,3382.0,3381.0,3380.0,3379.0,7.0,12.0,7.0,13.0,5.0,3387.0,3388.0,3389.0,3390.0,3392.0,6.0,25.0,7.0,5.0,1.0
2024-07-02,2024-07-02 09:08:05.000,RB2408,3387.0,3399.0,3399.0,3382.0,0.0,0.0,3555.0,3216.0,3386.0,3383.0,0.0,321.0,10891270.0,6338.0,3383.0,3382.0,3381.0,3380.0,3379.0,7.0,12.0,7.0,13.0,5.0,3387.0,3388.0,3389.0,3390.0,3392.0,7.0,25.0,7.0,5.0,1.0
2024-07-02,2024-07-02 09:08:06.000,RB2408,3387.0,3399.0,3399.0,3382.0,0.0,0.0,3555.0,3216.0,3386.0,3383.0,0.0,321.0,10891270.0,6338.0,3383.0,3382.0,3381.0,3380.0,3379.0,7.0,12.0,7.0,13.0,5.0,3386.0,3387.0,3388.0,3389.0,3390.0,5.0,7.0,25.0,7.0,5.0
2024-07-02,2024-07-02 09:08:06.500,RB2408,3387.0,3399.0,3399.0,3382.0,0.0,0.0,3555.0,3216.0,3386.0,3383.0,0.0,321.0,10891270.0,6338.0,3383.0,3382.0,3381.0,3380.0,3379.0,7.0,12.0,7.0,13.0,5.0,3386.0,3387.0,3388.0,3389.0,3390.0,5.0,6.0,25.0,7.0,5.0
2024-07-02,2024-07-02 09:08:19.000,RB2408,3387.0,3399.0,3399.0,3382.0,0.0,0.0,3555.0,3216.0,3386.0,3383.0,0.0,321.0,10891270.0,6338.0,3384.0,3383.0,3382.0,3381.0,3380.0,2.0,7.0,12.0,7.0,13.0,3386.0,3387.0,3388.0,3389.0,3390.0,5.0,6.0,25.0,7.0,5.0
2024-07-02,2024-07-02 09:08:19.500,RB2408,3387.0,3399.0,3399.0,3382.0,0.0,0.0,3555.0,3216.0,3386.0,3383.0,0.0,321.0,10891270.0,6338.0,3384.0,3383.0,3382.0,3381.0,3380.0,2.0,6.0,12.0,7.0,13.0,3386.0,3387.0,3388.0,3389.0,3390.0,5.0,6.0,25.0,7.0,5.0
2024-07-02,2024-07-02 09:08:40.500,RB2408,3387.0,3399.0,3399.0,3382.0,0.0,0.0,3555.0,3216.0,3386.0,3383.0,0.0,321.0,10891270.0,6338.0,3384.0,3383.0,3382.0,3381.0,3380.0,2.0,6.0,12.0,7.0,13.0,3386.0,3387.0,3388.0,3389.0,3390.0,5.0,6.0,25.0,7.0,6.0
2024-07-02,2024-07-02 09:08:54.500,RB2408,3387.0,3399.0,3399.0,3382.0,0.0,0.0,3555.0,3216.0,3386.0,3383.0,0.0,321.0,10891270.0,6338.0,3384.0,3383.0,3382.0,3381.0,3380.0,2.0,1.0,12.0,7.0,13.0,3386.0,3387.0,3388.0,3389.0,3390.0,5.0,6.0,25.0,7.0,6.0
2024-07-02,2024-07-02 09:08:55.000,RB2408,3387.0,3399.0,3399.0,3382.0,0.0,0.0,3555.0,3216.0,3386.0,3383.0,0.0,321.0,10891270.0,6338.0,3384.0,3383.0,3382.0,3381.0,3380.0,2.0,1.0,12.0,7.0,13.0,3386.0,3387.0,3388.0,3389.0,3390.0,5.0,6.0,24.0,7.0,6.0
2024-07-02,2024-07-02 09:08:55.500,RB2408,3387.0,3399.0,3399.0,3382.0,0.0,0.0,3555.0,3216.0,3386.0,3383.0,0.0,321.0,10891270.0,6338.0,3384.0,3383.0,3382.0,3381.0,3380.0,2.0,1.0,12.0,7.0,13.0,3386.0,3387.0,3388.0,3389.0,3390.0,5.0,7.0,24.0,7.0,6.0
2024-07-02,2024-07-02 09:08:56.000,RB2408,3387.0,3399.0,3399.0,3382.0,0.0,0.0,3555.0,3216.0,3386.0,3383.0,0.0,321.0,10891270.0,6338.0,3383.0,3382.0,3381.0,3380.0,3379.0,1.0,12.0,5.0,13.0,5.0,3386.0,3387.0,3388.0,3389.0,3390.0,5.0,7.0,24.0,7.0,6.0
2024-07-02,2024-07-02 09:08:56.500,RB2408,3387.0,3399.0,3399.0,3382.0,0.0,0.0,3555.0,3216.0,3386.0,3383.0,0.0,321.0,10891270.0,6338.0,3384.0,3383.0,3382.0,3381.0,3380.0,1.0,1.0,12.0,5.0,13.0,3386.0,3387.0,3388.0,3389.0,3390.0,6.0,7.0,24.0,7.0,6.0
2024-07-02,2024-07-02 09:08:57.000,RB2408,3387.0,3399.0,3399.0,3382.0,0.0,0.0,3555.0,3216.0,3386.0,3383.0,0.0,321.0,10891270.0,6338.0,3384.0,3383.0,3382.0,3381.0,3380.0,1.0,1.0,12.0,5.0,13.0,3385.0,3386.0,3387.0,3388.0,3389.0,5.0,5.0,7.0,24.0,7.0
2024-07-02,2024-07-02 09:08:57.500,RB2408,3387.0,3399.0,3399.0,3382.0,0.0,0.0,3555.0,3216.0,3386.0,3383.0,0.0,321.0,10891270.0,6338.0,3384.0,3383.0,3382.0,3381.0,3380.0,1.0,1.0,12.0,5.0,13.0,3386.0,3387.0,3388.0,3389.0,3390.0,5.0,7.0,24.0,7.0,6.0
2024-07-02,2024-07-02 09:08:58.500,RB2408,3387.0,3399.0,3399.0,3382.0,0.0,0.0,3555.0,3216.0,3386.0,3383.0,0.0,321.0,10891270.0,6338.0,3384.0,3383.0,3382.0,3381.0,3380.0,1.0,1.0,12.0,5.0,13.0,3386.0,3387.0,3388.0,3389.0,3390.0,6.0,7.0,24.0,7.0,6.0
2024-07-02,2024-07-02 09:08:59.000,RB2408,3387.0,3399.0,3399.0,3382.0,0.0,0.0,3555.0,3216.0,3386.0,3383.0,0.0,321.0,10891270.0,6338.0,3384.0,3383.0,3382.0,3381.0,3380.0,1.0,1.0,12.0,5.0,13.0,3385.0,3386.0,3387.0,3388.0,3389.0,5.0,5.0,7.0,24.0,7.0
2024-07-02,2024-07-02 09:08:59.500,RB2408,3387.0,3399.0,3399.0,3382.0,0.0,0.0,3555.0,3216.0,3386.0,3383.0,0.0,321.0,10891270.0,6338.0,3384.0,3383.0,3382.0,3381.0,3380.0,1.0,1.0,12.0,5.0,13.0,3386.0,3387.0,3388.0,3389.0,3390.0,5.0,7.0,24.0,7.0,6.0
2024-07-02,2024-07-02 09:09:00.000,RB2408,3387.0,3399.0,3399.0,3382.0,0.0,0.0,3555.0,3216.0,3386.0,3383.0,0.0,321.0,10891270.0,6338.0,3384.0,3383.0,3382.0,3381.0,3380.0,1.0,1.0,12.0,5.0,13.0,3386.0,3387.0,3388.0,3389.0,3390.0,6.0,7.0,24.0,7.0,6.0
2024-07-02,2024-07-02 09:09:00.500,RB2408,3387.0,3399.0,3399.0,3382.0,0.0,0.0,3555.0,3216.0,3386.0,3383.0,0.0,321.0,10891270.0,6338.0,3384.0,3383.0,3382.0,3381.0,3380.0,1.0,1.0,12.0,5.0,13.0,3385.0,3386.0,3387.0,3388.0,3389.0,5.0,5.0,7.0,24.0,7.0
2024-07-02,2024-07-02 09:09:01.000,RB2408,3387.0,3399.0,3399.0,3382.0,0.0,0.0,3555.0,3216.0,3386.0,3383.0,0.0,321.0,10891270.0,6338.0,3384.0,3383.0,3382.0,3381.0,3380.0,1.0,1.0,12.0,5.0,13.0,3386.0,3387.0,3388.0,3389.0,3390.0,5.0,7.0,24.0,7.0,6.0
2024-07-02,2024-07-02 09:09:01.500,RB2408,3387.0,3399.0,3399.0,3382.0,0.0,0.0,3555.0,3216.0,3386.0,3383.0,0.0,321.0,10891270.0,6338.0,3384.0,3383.0,3382.0,3381.0,3380.0,1.0,1.0,12.0,5.0,13.0,3386.0,3387.0,3388.0,3389.0,3390.0,6.0,7.0,24.0,7.0,6.0
2024-07-02,2024-07-02 09:09:02.000,RB2408,3387.0,3399.0,3399.0,3382.0,0.0,0.0,3555.0,3216.0,3386.0,3383.0,0.0,321.0,10891270.0,6338.0,3384.0,3383.0,3382.0,3381.0,3380.0,1.0,1.0,12.0,5.0,13.0,3385.0,3386.0,3387.0,3388.0,3389.0,5.0,6.0,7.0,24.0,7.0
2024-07-02,2024-07-02 09:09:02.500,RB2408,3387.0,3399.0,3399.0,3382.0,0.0,0.0,3555.0,3216.0,3386.0,3383.0,0.0,321.0,10891270.0,6338.0,3384.0,3383.0,3382.0,3381.0,3380.0,1.0,1.0,12.0,5.0,13.0,3385.0,3386.0,3387.0,3388.0,3389.0,5.0,5.0,7.0,24.0,7.0
2024-07-02,2024-07-02 09:09:03.000,RB2408,3387.0,3399.0,3399.0,3382.0,0.0,0.0,3555.0,3216.0,3386.0,3383.0,0.0,321.0,10891270.0,6338.0,3384.0,3383.0,3382.0,3381.0,3380.0,1.0,1.0,12.0,5.0,13.0,3386.0,3387.0,3388.0,3389.0,3390.0,5.0,7.0,24.0,7.0,6.0
2024-07-02,2024-07-02 09:09:04.000,RB2408,3387.0,3399.0,3399.0,3382.0,0.0,0.0,3555.0,3216.0,3386.0,3383.0,0.0,321.0,10891270.0,6338.0,3384.0,3383.0,3382.0,3381.0,3380.0,1.0,1.0,12.0,5.0,13.0,3386.0,3387.0,3388.0,3389.0,3390.0,6.0,7.0,24.0,7.0,6.0
2024-07-02,2024-07-02 09:09:04.500,RB2408,3387.0,3399.0,3399.0,3382.0,0.0,0.0,3555.0,3216.0,3386.0,3383.0,0.0,321.0,10891270.0,6338.0,3384.0,3383.0,3382.0,3381.0,3380.0,1.0,1.0,12.0,5.0,13.0,3385.0,3386.0,3387.0,3388.0,3389.0,5.0,6.0,7.0,24.0,7.0
2024-07-02,2024-07-02 09:09:05.000,RB2408,3387.0,3399.0,3399.0,3382.0,0.0,0.0,3555.0,3216.0,3386.0,3383.0,0.0,321.0,10891270.0,6338.0,3384.0,3383.0,3382.0,3381.0,3380.0,1.0,1.0,12.0,5.0,13.0,3385.0,3386.0,3387.0,3388.0,3389.0,5.0,5.0,7.0,24.0,7.0
2024-07-02,2024-07-02 09:09:05.500,RB2408,3387.0,3399.0,3399.0,3382.0,0.0,0.0,3555.0,3216.0,3386.0,3383.0,0.0,321.0,10891270.0,6338.0,3384.0,3383.0,3382.0,3381.0,3380.0,1.0,1.0,12.0,5.0,13.0,3386.0,3387.0,3388.0,3389.0,3390.0,5.0,7.0,24.0,7.0,6.0
2024-07-02,2024-07-02 09:09:06.000,RB2408,3387.0,3399.0,3399.0,3382.0,0.0,0.0,3555.0,3216.0,3386.0,3383.0,0.0,321.0,10891270.0,6338.0,3384.0,3383.0,3382.0,3381.0,3380.0,1.0,6.0,12.0,5.0,13.0,3386.0,3387.0,3388.0,3389.0,3390.0,5.0,6.0,24.0,7.0,6.0
2024-07-02,2024-07-02 09:09:06.500,RB2408,3387.0,3399.0,3399.0,3382.0,0.0,0.0,3555.0,3216.0,3386.0,3383.0,0.0,321.0,10891270.0,6338.0,3384.0,3383.0,3382.0,3381.0,3380.0,1.0,6.0,12.0,5.0,13.0,3386.0,3387.0,3388.0,3389.0,3390.0,5.0,6.0,25.0,7.0,6.0
2024-07-02,2024-07-02 09:09:09.500,RB2408,3387.0,3399.0,3399.0,3382.0,0.0,0.0,3555.0,3216.0,3386.0,3383.0,0.0,321.0,10891270.0,6338.0,3384.0,3383.0,3382.0,3381.0,3380.0,1.0,6.0,12.0,7.0,13.0,3386.0,3387.0,3388.0,3389.0,3390.0,5.0,6.0,25.0,7.0,6.0
2024-07-02,2024-07-02 09:09:26.500,RB2408,3387.0,3399.0,3399.0,3382.0,0.0,0.0,3555.0,3216.0,3386.0,3383.0,0.0,321.0,10891270.0,6338.0,3384.0,3383.0,3382.0,3381.0,3380.0,1.0,6.0,12.0,7.0,13.0,3387.0,3388.0,3389.0,3390.0,3391.0,6.0,25.0,7.0,6.0,1.0
2024-07-02,2024-07-02 09:09:27.000,RB2408,3387.0,3399.0,3399.0,3382.0,0.0,0.0,3555.0,3216.0,3386.0,3383.0,0.0,321.0,10891270.0,6338.0,3384.0,3383.0,3382.0,3381.0,3380.0,1.0,6.0,12.0,7.0,13.0,3386.0,3387.0,3388.0,3389.0,3390.0,5.0,6.0,25.0,7.0,6.0
2024-07-02,2024-07-02 09:09:42.000,RB2408,3387.0,3399.0,3399.0,3382.0,0.0,0.0,3555.0,3216.0,3386.0,3383.0,0.0,321.0,10891270.0,6338.0,3384.0,3383.0,3382.0,3381.0,3380.0,2.0,5.0,12.0,7.0,13.0,3386.0,3387.0,3388.0,3389.0,3390.0,5.0,6.0,25.0,7.0,6.0
2024-07-02,2024-07-02 09:09:56.000,RB2408,3386.0,3399.0,3399.0,3382.0,0.0,0.0,3555.0,3216.0,3386.0,3383.0,0.0,322.0,10925130.0,6338.0,3384.0,3383.0,3382.0,3381.0,3380.0,2.0,5.0,12.0,7.0,13.0,3386.0,3387.0,3388.0,3389.0,3390.0,4.0,6.0,25.0,7.0,6.0
2024-07-02,2024-07-02 09:10:07.500,RB2408,3386.0,3399.0,3399.0,3382.0,0.0,0.0,3555.0,3216.0,3386.0,3383.0,0.0,322.0,10925130.0,6338.0,3384.0,3383.0,3382.0,3381.0,3380.0,2.0,5.0,12.0,7.0,13.0,3387.0,3388.0,3389.0,3390.0,3391.0,6.0,25.0,7.0,6.0,1.0
2024-07-02,2024-07-02 09:10:08.000,RB2408,3387.0,3399.0,3399.0,3382.0,0.0,0.0,3555.0,3216.0,3386.0,3383.0,0.0,324.0,10992870.0,6336.0,3385.0,3384.0,3383.0,3382.0,3381.0,1.0,6.0,5.0,11.0,7.0,3388.0,3389.0,3390.0,3391.0,3392.0,25.0,5.0,8.0,1.0,1.0
2024-07-02,2024-07-02 09:10:08.500,RB2408,3387.0,3399.0,3399.0,3382.0,0.0,0.0,3555.0,3216.0,3386.0,3383.0,0.0,324.0,10992870.0,6336.0,3386.0,3385.0,3384.0,3383.0,3382.0,1.0,1.0,5.0,6.0,11.0,3388.0,3389.0,3390.0,3391.0,3392.0,26.0,5.0,8.0,1.0,1.0
2024-07-02,2024-07-02 09:10:09.000,RB2408,3387.0,3399.0,3399.0,3382.0,0.0,0.0,3555.0,3216.0,3386.0,3383.0,0.0,324.0,10992870.0,6336.0,3386.0,3385.0,3384.0,3383.0,3382.0,1.0,1.0,5.0,6.0,11.0,3388.0,3389.0,3390.0,3392.0,3395.0,25.0,5.0,8.0,1.0,10.0
2024-07-02,2024-07-02 09:10:09.500,RB2408,3387.0,3399.0,3399.0,3382.0,0.0,0.0,3555.0,3216.0,3386.0,3383.0,0.0,324.0,10992870.0,6336.0,3386.0,3385.0,3384.0,3383.0,3382.0,1.0,1.0,5.0,6.0,11.0,3388.0,3389.0,3390.0,3392.0,3395.0,25.0,6.0,8.0,1.0,10.0
2024-07-02,2024-07-02 09:10:10.500,RB2408,3387.0,3399.0,3399.0,3382.0,0.0,0.0,3555.0,3216.0,3386.0,3383.0,0.0,324.0,10992870.0,6336.0,3386.0,3385.0,3384.0,3383.0,3382.0,1.0,1.0,5.0,6.0,11.0,3388.0,3389.0,3390.0,3392.0,3395.0,24.0,6.0,8.0,1.0,10.0
2024-07-02,2024-07-02 09:10:11.000,RB2408,3387.0,3399.0,3399.0,3382.0,0.0,0.0,3555.0,3216.0,3386.0,3383.0,0.0,324.0,10992870.0,6336.0,3386.0,3385.0,3384.0,3383.0,3382.0,1.0,1.0,5.0,6.0,11.0,3388.0,3389.0,3390.0,3392.0,3395.0,25.0,6.0,8.0,1.0,10.0
2024-07-02,2024-07-02 09:10:11.500,RB2408,3387.0,3399.0,3399.0,3382.0,0.0,0.0,3555.0,3216.0,3386.0,3383.0,0.0,324.0,10992870.0,6336.0,3386.0,3385.0,3384.0,3383.0,3382.0,1.0,1.0,5.0,6.0,11.0,3388.0,3389.0,3390.0,3392.0,3395.0,24.0,6.0,8.0,1.0,10.0
2024-07-02,2024-07-02 09:10:13.500,RB2408,3387.0,3399.0,3399.0,3382.0,0.0,0.0,3555.0,3216.0,3386.0,3383.0,0.0,324.0,10992870.0,6336.0,3386.0,3385.0,3384.0,3383.0,3382.0,1.0,1.0,5.0,6.0,11.0,3388.0,3389.0,3390.0,3392.0,3395.0,25.0,6.0,8.0,1.0,10.0
2024-07-02,2024-07-02 09:10:14.000,RB2408,3387.0,3399.0,3399.0,3382.0,0.0,0.0,3555.0,3216.0,3386.0,3383.0,0.0,324.0,10992870.0,6336.0,3386.0,3385.0,3384.0,3383.0,3382.0,1.0,1.0,5.0,6.0,11.0,3388.0,3389.0,3390.0,3392.0,3395.0,24.0,6.0,8.0,1.0,10.0
2024-07-02,2024-07-02 09:10:16.500,RB2408,3387.0,3399.0,3399.0,3382.0,0.0,0.0,3555.0,3216.0,3386.0,3383.0,0.0,324.0,10992870.0,6336.0,3386.0,3385.0,3384.0,3383.0,3382.0,1.0,1.0,5.0,6.0,11.0,3388.0,3389.0,3390.0,3392.0,3395.0,25.0,6.0,8.0,1.0,10.0
2024-07-02,2024-07-02 09:10:17.000,RB2408,3387.0,3399.0,3399.0,3382.0,0.0,0.0,3555.0,3216.0,3386.0,3383.0,0.0,324.0,10992870.0,6336.0,3386.0,3385.0,3384.0,3383.0,3382.0,1.0,1.0,5.0,6.0,11.0,3388.0,3389.0,3390.0,3392.0,3395.0,24.0,6.0,8.0,1.0,10.0
2024-07-02,2024-07-02 09:10:18.000,RB2408,3387.0,3399.0,3399.0,3382.0,0.0,0.0,3555.0,3216.0,3386.0,3383.0,0.0,324.0,10992870.0,6336.0,3386.0,3385.0,3384.0,3383.0,3382.0,1.0,1.0,5.0,6.0,11.0,3388.0,3389.0,3390.0,3392.0,3395.0,25.0,6.0,8.0,1.0,10.0
2024-07-02,2024-07-02 09:10:18.500,RB2408,3387.0,3399.0,3399.0,3382.0,0.0,0.0,3555.0,3216.0,3386.0,3383.0,0.0,324.0,10992870.0,6336.0,3386.0,3385.0,3384.0,3383.0,3382.0,1.0,1.0,5.0,6.0,11.0,3388.0,3389.0,3390.0,3392.0,3395.0,24.0,6.0,8.0,1.0,10.0
2024-07-02,2024-07-02 09:10:20.000,RB2408,3387.0,3399.0,3399.0,3382.0,0.0,0.0,3555.0,3216.0,3386.0,3383.0,0.0,324.0,10992870.0,6336.0,3386.0,3385.0,3384.0,3383.0,3382.0,1.0,1.0,5.0,6.0,11.0,3388.0,3389.0,3390.0,3392.0,3395.0,25.0,6.0,8.0,1.0,10.0
2024-07-02,2024-07-02 09:10:21.000,RB2408,3387.0,3399.0,3399.0,3382.0,0.0,0.0,3555.0,3216.0,3386.0,3383.0,0.0,324.0,10992870.0,6336.0,3386.0,3385.0,3384.0,3383.0,3382.0,1.0,1.0,5.0,6.0,11.0,3388.0,3389.0,3390.0,3392.0,3395.0,24.0,6.0,8.0,1.0,10.0
2024-07-02,2024-07-02 09:10:21.500,RB2408,3387.0,3399.0,3399.0,3382.0,0.0,0.0,3555.0,3216.0,3386.0,3383.0,0.0,324.0,10992870.0,6336.0,3386.0,3385.0,3384.0,3383.0,3382.0,1.0,1.0,5.0,6.0,11.0,3388.0,3389.0,3390.0,3392.0,3395.0,25.0,6.0,8.0,1.0,10.0
2024-07-02,2024-07-02 09:10:22.000,RB2408,3386.0,3399.0,3399.0,3382.0,0.0,0.0,3555.0,3216.0,3386.0,3383.0,0.0,325.0,11026730.0,6336.0,3385.0,3384.0,3383.0,3382.0,3381.0,1.0,5.0,6.0,11.0,7.0,3388.0,3389.0,3390.0,3392.0,3395.0,25.0,6.0,8.0,1.0,10.0
2024-07-02,2024-07-02 09:10:24.500,RB2408,3386.0,3399.0,3399.0,3382.0,0.0,0.0,3555.0,3216.0,3386.0,3383.0,0.0,325.0,11026730.0,6336.0,3385.0,3384.0,3383.0,3382.0,3381.0,1.0,5.0,6.0,11.0,7.0,3388.0,3389.0,3390.0,3392.0,3395.0,24.0,6.0,8.0,1.0,10.0
2024-07-02,2024-07-02 09:10:25.000,RB2408,3386.0,3399.0,3399.0,3382.0,0.0,0.0,3555.0,3216.0,3386.0,3383.0,0.0,325.0,11026730.0,6336.0,3385.0,3384.0,3383.0,3382.0,3381.0,1.0,5.0,6.0,11.0,7.0,3388.0,3389.0,3390.0,3392.0,3395.0,25.0,6.0,8.0,1.0,10.0
2024-07-02,2024-07-02 09:10:25.500,RB2408,3386.0,3399.0,3399.0,3382.0,0.0,0.0,3555.0,3216.0,3386.0,3383.0,0.0,325.0,11026730.0,6336.0,3385.0,3384.0,3383.0,3382.0,3381.0,1.0,5.0,6.0,11.0,7.0,3388.0,3389.0,3390.0,3392.0,3395.0,24.0,6.0,8.0,1.0,10.0
2024-07-02,2024-07-02 09:10:26.000,RB2408,3386.0,3399.0,3399.0,3382.0,0.0,0.0,3555.0,3216.0,3386.0,3383.0,0.0,325.0,11026730.0,6336.0,3385.0,3384.0,3383.0,3382.0,3381.0,1.0,5.0,5.0,11.0,7.0,3388.0,3389.0,3390.0,3392.0,3395.0,25.0,6.0,8.0,1.0,10.0
2024-07-02,2024-07-02 09:10:26.500,RB2408,3386.0,3399.0,3399.0,3382.0,0.0,0.0,3555.0,3216.0,3386.0,3383.0,0.0,325.0,11026730.0,6336.0,3385.0,3384.0,3383.0,3382.0,3381.0,1.0,6.0,5.0,11.0,7.0,3388.0,3389.0,3390.0,3392.0,3395.0,24.0,6.0,8.0,1.0,10.0
2024-07-02,2024-07-02 09:10:27.500,RB2408,3386.0,3399.0,3399.0,3382.0,0.0,0.0,3555.0,3216.0,3386.0,3383.0,0.0,325.0,11026730.0,6336.0,3385.0,3384.0,3383.0,3382.0,3381.0,1.0,6.0,5.0,11.0,7.0,3388.0,3389.0,3390.0,3392.0,3395.0,25.0,6.0,8.0,1.0,10.0
2024-07-02,2024-07-02 09:10:28.000,RB2408,3386.0,3399.0,3399.0,3382.0,0.0,0.0,3555.0,3216.0,3386.0,3383.0,0.0,325.0,11026730.0,6336.0,3385.0,3384.0,3383.0,3382.0,3381.0,1.0,6.0,5.0,11.0,7.0,3388.0,3389.0,3390.0,3392.0,3395.0,24.0,6.0,8.0,1.0,10.0
2024-07-02,2024-07-02 09:10:28.500,RB2408,3386.0,3399.0,3399.0,3382.0,0.0,0.0,3555.0,3216.0,3386.0,3383.0,0.0,325.0,11026730.0,6336.0,3385.0,3384.0,3383.0,3382.0,3381.0,1.0,6.0,5.0,11.0,7.0,3388.0,3389.0,3390.0,3392.0,3395.0,25.0,6.0,8.0,1.0,10.0
2024-07-02,2024-07-02 09:10:29.500,RB2408,3386.0,3399.0,3399.0,3382.0,0.0,0.0,3555.0,3216.0,3386.0,3383.0,0.0,325.0,11026730.0,6336.0,3385.0,3384.0,3383.0,3382.0,3381.0,1.0,6.0,5.0,11.0,7.0,3388.0,3389.0,3390.0,3392.0,3395.0,24.0,6.0,8.0,1.0,10.0
2024-07-02,2024-07-02 09:10:30.500,RB2408,3386.0,3399.0,3399.0,3382.0,0.0,0.0,3555.0,3216.0,3386.0,3383.0,0.0,325.0,11026730.0,6336.0,3385.0,3384.0,3383.0,3382.0,3381.0,1.0,6.0,5.0,11.0,7.0,3388.0,3389.0,3390.0,3392.0,3395.0,25.0,6.0,8.0,1.0,10.0
2024-07-02,2024-07-02 09:10:31.500,RB2408,3386.0,3399.0,3399.0,3382.0,0.0,0.0,3555.0,3216.0,3386.0,3383.0,0.0,325.0,11026730.0,6336.0,3385.0,3384.0,3383.0,3382.0,3381.0,1.0,6.0,5.0,11.0,7.0,3388.0,3389.0,3390.0,3392.0,3395.0,24.0,6.0,8.0,1.0,10.0
2024-07-02,2024-07-02 09:10:32.000,RB2408,3386.0,3399.0,3399.0,3382.0,0.0,0.0,3555.0,3216.0,3386.0,3383.0,0.0,325.0,11026730.0,6336.0,3385.0,3384.0,3383.0,3382.0,3381.0,1.0,6.0,5.0,11.0,7.0,3388.0,3389.0,3390.0,3392.0,3395.0,25.0,6.0,8.0,1.0,10.0
2024-07-02,2024-07-02 09:10:32.500,RB2408,3386.0,3399.0,3399.0,3382.0,0.0,0.0,3555.0,3216.0,3386.0,3383.0,0.0,325.0,11026730.0,6336.0,3385.0,3384.0,3383.0,3382.0,3381.0,1.0,6.0,5.0,11.0,7.0,3388.0,3389.0,3390.0,3392.0,3395.0,24.0,6.0,8.0,1.0,10.0
2024-07-02,2024-07-02 09:10:33.000,RB2408,3386.0,3399.0,3399.0,3382.0,0.0,0.0,3555.0,3216.0,3386.0,3383.0,0.0,325.0,11026730.0,6336.0,3385.0,3384.0,3383.0,3382.0,3381.0,1.0,6.0,5.0,11.0,7.0,3388.0,3389.0,3390.0,3392.0,3395.0,25.0,6.0,8.0,1.0,10.0
2024-07-02,2024-07-02 09:10:33.500,RB2408,3386.0,3399.0,3399.0,3382.0,0.0,0.0,3555.0,3216.0,3386.0,3383.0,0.0,325.0,11026730.0,6336.0,3385.0,3384.0,3383.0,3382.0,3381.0,1.0,6.0,5.0,11.0,7.0,3388.0,3389.0,3390.0,3392.0,3395.0,25.0,6.0,7.0,1.0,10.0
2024-07-02,2024-07-02 09:10:34.000,RB2408,3386.0,3399.0,3399.0,3382.0,0.0,0.0,3555.0,3216.0,3386.0,3383.0,0.0,325.0,11026730.0,6336.0,3385.0,3384.0,3383.0,3382.0,3381.0,1.0,6.0,5.0,11.0,7.0,3388.0,3389.0,3390.0,3392.0,3395.0,24.0,6.0,7.0,1.0,10.0
2024-07-02,2024-07-02 09:10:41.000,RB2408,3386.0,3399.0,3399.0,3382.0,0.0,0.0,3555.0,3216.0,3386.0,3383.0,0.0,325.0,11026730.0,6336.0,3385.0,3384.0,3383.0,3382.0,3381.0,1.0,6.0,5.0,11.0,7.0,3388.0,3389.0,3390.0,3392.0,3395.0,25.0,6.0,7.0,1.0,10.0
2024-07-02,2024-07-02 09:10:41.500,RB2408,3386.0,3399.0,3399.0,3382.0,0.0,0.0,3555.0,3216.0,3386.0,3383.0,0.0,325.0,11026730.0,6336.0,3385.0,3384.0,3383.0,3382.0,3381.0,1.0,6.0,5.0,11.0,7.0,3388.0,3389.0,3390.0,3392.0,3395.0,24.0,6.0,7.0,1.0,10.0
2024-07-02,2024-07-02 09:10:43.000,RB2408,3386.0,3399.0,3399.0,3382.0,0.0,0.0,3555.0,3216.0,3386.0,3383.0,0.0,325.0,11026730.0,6336.0,3385.0,3384.0,3383.0,3382.0,3381.0,1.0,6.0,5.0,11.0,7.0,3388.0,3389.0,3390.0,3392.0,3395.0,25.0,6.0,7.0,1.0,10.0
2024-07-02,2024-07-02 09:10:44.500,RB2408,3386.0,3399.0,3399.0,3382.0,0.0,0.0,3555.0,3216.0,3386.0,3383.0,0.0,325.0,11026730.0,6336.0,3385.0,3384.0,3383.0,3382.0,3381.0,1.0,6.0,5.0,11.0,7.0,3388.0,3389.0,3390.0,3392.0,3395.0,24.0,6.0,7.0,1.0,10.0
2024-07-02,2024-07-02 09:10:45.000,RB2408,3386.0,3399.0,3399.0,3382.0,0.0,0.0,3555.0,3216.0,3386.0,3383.0,0.0,325.0,11026730.0,6336.0,3385.0,3384.0,3383.0,3382.0,3381.0,1.0,6.0,5.0,11.0,7.0,3387.0,3388.0,3389.0,3390.0,3392.0,1.0,24.0,6.0,7.0,1.0
2024-07-02,2024-07-02 09:10:56.500,RB2408,3386.0,3399.0,3399.0,3382.0,0.0,0.0,3555.0,3216.0,3386.0,3383.0,0.0,325.0,11026730.0,6336.0,3385.0,3384.0,3383.0,3382.0,3381.0,1.0,1.0,5.0,11.0,7.0,3387.0,3388.0,3389.0,3390.0,3392.0,1.0,24.0,6.0,7.0,1.0
2024-07-02,2024-07-02 09:10:57.000,RB2408,3386.0,3399.0,3399.0,3382.0,0.0,0.0,3555.0,3216.0,3386.0,3383.0,0.0,325.0,11026730.0,6336.0,3384.0,3383.0,3382.0,3381.0,3380.0,1.0,5.0,11.0,7.0,13.0,3387.0,3388.0,3389.0,3390.0,3392.0,2.0,24.0,6.0,7.0,1.0
2024-07-02,2024-07-02 09:10:57.500,RB2408,3386.0,3399.0,3399.0,3382.0,0.0,0.0,3555.0,3216.0,3386.0,3383.0,0.0,325.0,11026730.0,6336.0,3383.0,3382.0,3381.0,3380.0,3379.0,5.0,11.0,7.0,13.0,5.0,3387.0,3388.0,3389.0,3390.0,3392.0,8.0,24.0,5.0,7.0,1.0
2024-07-02,2024-07-02 09:10:58.000,RB2408,3386.0,3399.0,3399.0,3382.0,0.0,0.0,3555.0,3216.0,3386.0,3383.0,0.0,325.0,11026730.0,6336.0,3383.0,3382.0,3381.0,3380.0,3379.0,7.0,11.0,7.0,13.0,5.0,3386.0,3387.0,3388.0,3389.0,3390.0,1.0,8.0,25.0,5.0,7.0
2024-07-02,2024-07-02 09:11:03.500,RB2408,3386.0,3399.0,3399.0,3382.0,0.0,0.0,3555.0,3216.0,3386.0,3383.0,0.0,325.0,11026730.0,6336.0,3384.0,3383.0,3382.0,3381.0,3380.0,2.0,7.0,11.0,7.0,13.0,3386.0,3387.0,3388.0,3389.0,3390.0,1.0,8.0,25.0,5.0,7.0
2024-07-02,2024-07-02 09:11:05.000,RB2408,3386.0,3399.0,3399.0,3382.0,0.0,0.0,3555.0,3216.0,3386.0,3383.0,0.0,325.0,11026730.0,6336.0,3384.0,3383.0,3382.0,3381.0,3380.0,3.0,6.0,11.0,7.0,13.0,3386.0,3387.0,3388.0,3389.0,3390.0,1.0,8.0,25.0,5.0,7.0
2024-07-02,2024-07-02 09:11:09.500,RB2408,3386.0,3399.0,3399.0,3382.0,0.0,0.0,3555.0,3216.0,3386.0,3383.0,0.0,325.0,11026730.0,6336.0,3384.0,3383.0,3382.0,3381.0,3380.0,3.0,6.0,11.0,7.0,13.0,3387.0,3388.0,3389.0,3390.0,3392.0,8.0,25.0,5.0,7.0,1.0
2024-07-02,2024-07-02 09:11:10.000,RB2408,3386.0,3399.0,3399.0,3382.0,0.0,0.0,3555.0,3216.0,3386.0,3383.0,0.0,325.0,11026730.0,6336.0,3384.0,3383.0,3382.0,3381.0,3380.0,3.0,6.0,11.0,7.0,13.0,3387.0,3388.0,3389.0,3390.0,3392.0,9.0,25.0,5.0,7.0,1.0
2024-07-02,2024-07-02 09:11:12.000,RB2408,3386.0,3399.0,3399.0,3382.0,0.0,0.0,3555.0,3216.0,3386.0,3383.0,0.0,325.0,11026730.0,6336.0,3384.0,3383.0,3382.0,3381.0,3380.0,3.0,6.0,11.0,7.0,13.0,3387.0,3388.0,3389.0,3390.0,3392.0,8.0,25.0,5.0,7.0,1.0
2024-07-02,2024-07-02 09:11:12.500,RB2408,3386.0,3399.0,3399.0,3382.0,0.0,0.0,3555.0,3216.0,3386.0,3383.0,0.0,325.0,11026730.0,6336.0,3384.0,3383.0,3382.0,3381.0,3380.0,3.0,6.0,11.0,7.0,13.0,3387.0,3388.0,3389.0,3390.0,3392.0,9.0,25.0,5.0,7.0,1.0
2024-07-02,2024-07-02 09:11:17.000,RB2408,3386.0,3399.0,3399.0,3382.0,0.0,0.0,3555.0,3216.0,3386.0,3383.0,0.0,325.0,11026730.0,6336.0,3384.0,3383.0,3382.0,3381.0,3380.0,3.0,6.0,11.0,7.0,13.0,3387.0,3388.0,3389.0,3390.0,3392.0,8.0,25.0,5.0,7.0,1.0
2024-07-02,2024-07-02 09:11:18.000,RB2408,3386.0,3399.0,3399.0,3382.0,0.0,0.0,3555.0,3216.0,3386.0,3383.0,0.0,325.0,11026730.0,6336.0,3384.0,3383.0,3382.0,3381.0,3380.0,3.0,6.0,11.0,7.0,13.0,3387.0,3388.0,3389.0,3390.0,3392.0,9.0,25.0,5.0,7.0,1.0
2024-07-02,2024-07-02 09:11:19.000,RB2408,3386.0,3399.0,3399.0,3382.0,0.0,0.0,3555.0,3216.0,3386.0,3383.0,0.0,325.0,11026730.0,6336.0,3384.0,3383.0,3382.0,3381.0,3380.0,3.0,6.0,11.0,7.0,13.0,3387.0,3388.0,3389.0,3390.0,3392.0,8.0,25.0,5.0,7.0,1.0
2024-07-02,2024-07-02 09:11:19.500,RB2408,3386.0,3399.0,3399.0,3382.0,0.0,0.0,3555.0,3216.0,3386.0,3383.0,0.0,325.0,11026730.0,6336.0,3384.0,3383.0,3382.0,3381.0,3380.0,3.0,6.0,11.0,7.0,13.0,3387.0,3388.0,3389.0,3390.0,3392.0,9.0,25.0,5.0,7.0,1.0
2024-07-02,2024-07-02 09:11:20.000,RB2408,3386.0,3399.0,3399.0,3382.0,0.0,0.0,3555.0,3216.0,3386.0,3383.0,0.0,325.0,11026730.0,6336.0,3384.0,3383.0,3382.0,3381.0,3380.0,3.0,6.0,11.0,7.0,13.0,3387.0,3388.0,3389.0,3390.0,3392.0,8.0,25.0,5.0,7.0,1.0
2024-07-02,2024-07-02 09:11:21.500,RB2408,3386.0,3399.0,3399.0,3382.0,0.0,0.0,3555.0,3216.0,3386.0,3383.0,0.0,325.0,11026730.0,6336.0,3384.0,3383.0,3382.0,3381.0,3380.0,3.0,6.0,11.0,7.0,13.0,3387.0,3388.0,3389.0,3390.0,3392.0,9.0,25.0,5.0,7.0,1.0
2024-07-02,2024-07-02 09:11:22.000,RB2408,3386.0,3399.0,3399.0,3382.0,0.0,0.0,3555.0,3216.0,3386.0,3383.0,0.0,325.0,11026730.0,6336.0,3384.0,3383.0,3382.0,3381.0,3380.0,3.0,6.0,11.0,7.0,13.0,3387.0,3388.0,3389.0,3390.0,3392.0,8.0,25.0,5.0,7.0,1.0
2024-07-02,2024-07-02 09:11:22.500,RB2408,3386.0,3399.0,3399.0,3382.0,0.0,0.0,3555.0,3216.0,3386.0,3383.0,0.0,325.0,11026730.0,6336.0,3384.0,3383.0,3382.0,3381.0,3380.0,3.0,6.0,11.0,7.0,13.0,3387.0,3388.0,3389.0,3390.0,3392.0,9.0,25.0,5.0,7.0,1.0
2024-07-02,2024-07-02 09:11:23.000,RB2408,3386.0,3399.0,3399.0,3382.0,0.0,0.0,3555.0,3216.0,3386.0,3383.0,0.0,325.0,11026730.0,6336.0,3384.0,3383.0,3382.0,3381.0,3380.0,3.0,6.0,11.0,7.0,13.0,3387.0,3388.0,3389.0,3390.0,3392.0,8.0,25.0,5.0,7.0,1.0
2024-07-02,2024-07-02 09:11:24.500,RB2408,3386.0,3399.0,3399.0,3382.0,0.0,0.0,3555.0,3216.0,3386.0,3383.0,0.0,325.0,11026730.0,6336.0,3384.0,3383.0,3382.0,3381.0,3380.0,3.0,6.0,11.0,7.0,13.0,3387.0,3388.0,3389.0,3390.0,3392.0,9.0,25.0,5.0,7.0,1.0
2024-07-02,2024-07-02 09:11:27.000,RB2408,3386.0,3399.0,3399.0,3382.0,0.0,0.0,3555.0,3216.0,3386.0,3383.0,0.0,325.0,11026730.0,6336.0,3384.0,3383.0,3382.0,3381.0,3380.0,3.0,6.0,11.0,7.0,13.0,3387.0,3388.0,3389.0,3390.0,3392.0,8.0,25.0,5.0,7.0,1.0
2024-07-02,2024-07-02 09:11:28.000,RB2408,3386.0,3399.0,3399.0,3382.0,0.0,0.0,3555.0,3216.0,3386.0,3383.0,0.0,325.0,11026730.0,6336.0,3384.0,3383.0,3382.0,3381.0,3380.0,3.0,6.0,11.0,7.0,13.0,3387.0,3388.0,3389.0,3390.0,3392.0,9.0,25.0,5.0,7.0,1.0
2024-07-02,2024-07-02 09:11:29.000,RB2408,3386.0,3399.0,3399.0,3382.0,0.0,0.0,3555.0,3216.0,3386.0,3383.0,0.0,325.0,11026730.0,6336.0,3384.0,3383.0,3382.0,3381.0,3380.0,3.0,6.0,11.0,7.0,13.0,3387.0,3388.0,3389.0,3390.0,3392.0,8.0,25.0,5.0,7.0,1.0
2024-07-02,2024-07-02 09:11:30.000,RB2408,3386.0,3399.0,3399.0,3382.0,0.0,0.0,3555.0,3216.0,3386.0,3383.0,0.0,325.0,11026730.0,6336.0,3384.0,3383.0,3382.0,3381.0,3380.0,3.0,6.0,11.0,7.0,13.0,3387.0,3388.0,3389.0,3390.0,3392.0,9.0,25.0,5.0,7.0,1.0
2024-07-02,2024-07-02 09:11:30.500,RB2408,3386.0,3399.0,3399.0,3382.0,0.0,0.0,3555.0,3216.0,3386.0,3383.0,0.0,325.0,11026730.0,6336.0,3384.0,3383.0,3382.0,3381.0,3380.0,3.0,6.0,11.0,7.0,13.0,3387.0,3388.0,3389.0,3390.0,3392.0,8.0,25.0,5.0,7.0,1.0
2024-07-02,2024-07-02 09:11:31.000,RB2408,3386.0,3399.0,3399.0,3382.0,0.0,0.0,3555.0,3216.0,3386.0,3383.0,0.0,325.0,11026730.0,6336.0,3384.0,3383.0,3382.0,3381.0,3380.0,3.0,6.0,11.0,7.0,13.0,3387.0,3388.0,3389.0,3390.0,3392.0,9.0,25.0,5.0,7.0,1.0
2024-07-02,2024-07-02 09:11:32.000,RB2408,3386.0,3399.0,3399.0,3382.0,0.0,0.0,3555.0,3216.0,3386.0,3383.0,0.0,325.0,11026730.0,6336.0,3384.0,3383.0,3382.0,3381.0,3380.0,3.0,6.0,11.0,7.0,13.0,3387.0,3388.0,3389.0,3390.0,3392.0,8.0,25.0,5.0,7.0,1.0
2024-07-02,2024-07-02 09:11:32.500,RB2408,3386.0,3399.0,3399.0,3382.0,0.0,0.0,3555.0,3216.0,3386.0,3383.0,0.0,325.0,11026730.0,6336.0,3384.0,3383.0,3382.0,3381.0,3380.0,3.0,6.0,11.0,7.0,13.0,3387.0,3388.0,3389.0,3390.0,3392.0,9.0,25.0,5.0,7.0,1.0
2024-07-02,2024-07-02 09:11:33.000,RB2408,3386.0,3399.0,3399.0,3382.0,0.0,0.0,3555.0,3216.0,3386.0,3383.0,0.0,325.0,11026730.0,6336.0,3384.0,3383.0,3382.0,3381.0,3380.0,3.0,6.0,11.0,7.0,13.0,3387.0,3388.0,3389.0,3390.0,3392.0,8.0,25.0,5.0,7.0,1.0
2024-07-02,2024-07-02 09:11:35.500,RB2408,3386.0,3399.0,3399.0,3382.0,0.0,0.0,3555.0,3216.0,3386.0,3383.0,0.0,325.0,11026730.0,6336.0,3384.0,3383.0,3382.0,3381.0,3380.0,2.0,6.0,11.0,7.0,13.0,3387.0,3388.0,3389.0,3390.0,3392.0,8.0,25.0,5.0,7.0,1.0
2024-07-02,2024-07-02 09:11:39.000,RB2408,3386.0,3399.0,3399.0,3382.0,0.0,0.0,3555.0,3216.0,3386.0,3383.0,0.0,325.0,11026730.0,6336.0,3384.0,3383.0,3382.0,3381.0,3380.0,2.0,6.0,11.0,7.0,13.0,3387.0,3388.0,3389.0,3390.0,3392.0,9.0,25.0,5.0,7.0,1.0
2024-07-02,2024-07-02 09:11:41.500,RB2408,3386.0,3399.0,3399.0,3382.0,0.0,0.0,3555.0,3216.0,3386.0,3383.0,0.0,325.0,11026730.0,6336.0,3384.0,3383.0,3382.0,3381.0,3380.0,2.0,1.0,11.0,7.0,13.0,3387.0,3388.0,3389.0,3390.0,3392.0,9.0,25.0,5.0,7.0,1.0
2024-07-02,2024-07-02 09:11:42.000,RB2408,3386.0,3399.0,3399.0,3382.0,0.0,0.0,3555.0,3216.0,3386.0,3383.0,0.0,325.0,11026730.0,6336.0,3384.0,3382.0,3381.0,3380.0,3379.0,2.0,11.0,7.0,13.0,5.0,3386.0,3387.0,3388.0,3389.0,3390.0,7.0,9.0,24.0,5.0,7.0
2024-07-02,2024-07-02 09:11:42.500,RB2408,3386.0,3399.0,3399.0,3382.0,0.0,0.0,3555.0,3216.0,3386.0,3383.0,0.0,325.0,11026730.0,6336.0,3384.0,3382.0,3381.0,3380.0,3379.0,2.0,12.0,7.0,13.0,5.0,3386.0,3387.0,3388.0,3389.0,3390.0,7.0,9.0,24.0,5.0,7.0
2024-07-02,2024-07-02 09:11:45.000,RB2408,3386.0,3399.0,3399.0,3382.0,0.0,0.0,3555.0,3216.0,3386.0,3383.0,0.0,325.0,11026730.0,6336.0,3384.0,3382.0,3381.0,3380.0,3379.0,2.0,12.0,7.0,13.0,5.0,3386.0,3387.0,3388.0,3389.0,3390.0,8.0,9.0,24.0,5.0,7.0
2024-07-02,2024-07-02 09:11:45.500,RB2408,3386.0,3399.0,3399.0,3382.0,0.0,0.0,3555.0,3216.0,3386.0,3383.0,0.0,325.0,11026730.0,6336.0,3384.0,3382.0,3381.0,3380.0,3379.0,2.0,12.0,7.0,13.0,5.0,3386.0,3387.0,3388.0,3389.0,3390.0,7.0,9.0,24.0,5.0,7.0
2024-07-02,2024-07-02 09:11:46.000,RB2408,3386.0,3399.0,3399.0,3382.0,0.0,0.0,3555.0,3216.0,3386.0,3383.0,0.0,325.0,11026730.0,6336.0,3384.0,3382.0,3381.0,3380.0,3379.0,2.0,12.0,7.0,13.0,5.0,3386.0,3387.0,3388.0,3389.0,3390.0,8.0,9.0,24.0,5.0,7.0
2024-07-02,2024-07-02 09:11:46.500,RB2408,3386.0,3399.0,3399.0,3382.0,0.0,0.0,3555.0,3216.0,3386.0,3383.0,0.0,325.0,11026730.0,6336.0,3384.0,3382.0,3381.0,3380.0,3379.0,2.0,12.0,7.0,13.0,5.0,3386.0,3387.0,3388.0,3389.0,3390.0,7.0,9.0,24.0,5.0,7.0
2024-07-02,2024-07-02 09:11:47.000,RB2408,3386.0,3399.0,3399.0,3382.0,0.0,0.0,3555.0,3216.0,3386.0,3383.0,0.0,325.0,11026730.0,6336.0,3384.0,3382.0,3381.0,3380.0,3379.0,2.0,12.0,7.0,13.0,5.0,3386.0,3387.0,3388.0,3389.0,3390.0,8.0,9.0,24.0,5.0,7.0
2024-07-02,2024-07-02 09:11:50.000,RB2408,3386.0,3399.0,3399.0,3382.0,0.0,0.0,3555.0,3216.0,3386.0,3383.0,0.0,325.0,11026730.0,6336.0,3384.0,3382.0,3381.0,3380.0,3379.0,2.0,7.0,7.0,13.0,5.0,3386.0,3387.0,3388.0,3389.0,3390.0,8.0,9.0,24.0,5.0,7.0
2024-07-02,2024-07-02 09:11:50.500,RB2408,3386.0,3399.0,3399.0,3382.0,0.0,0.0,3555.0,3216.0,3386.0,3383.0,0.0,325.0,11026730.0,6336.0,3384.0,3382.0,3381.0,3380.0,3379.0,2.0,7.0,2.0,13.0,5.0,3385.0,3386.0,3387.0,3388.0,3389.0,5.0,8.0,9.0,26.0,5.0
2024-07-02,2024-07-02 09:11:51.000,RB2408,3386.0,3399.0,3399.0,3382.0,0.0,0.0,3555.0,3216.0,3386.0,3383.0,0.0,325.0,11026730.0,6336.0,3384.0,3382.0,3381.0,3380.0,3379.0,2.0,7.0,2.0,13.0,5.0,3385.0,3386.0,3387.0,3388.0,3389.0,5.0,6.0,9.0,26.0,5.0
2024-07-02,2024-07-02 09:11:52.500,RB2408,3386.0,3399.0,3399.0,3382.0,0.0,0.0,3555.0,3216.0,3386.0,3383.0,0.0,325.0,11026730.0,6336.0,3384.0,3382.0,3381.0,3380.0,3379.0,2.0,7.0,2.0,13.0,5.0,3385.0,3386.0,3387.0,3388.0,3389.0,6.0,6.0,9.0,26.0,5.0
2024-07-02,2024-07-02 09:11:53.000,RB2408,3386.0,3399.0,3399.0,3382.0,0.0,0.0,3555.0,3216.0,3386.0,3383.0,0.0,325.0,11026730.0,6336.0,3384.0,3382.0,3381.0,3380.0,3379.0,2.0,7.0,2.0,13.0,5.0,3385.0,3386.0,3387.0,3388.0,3389.0,5.0,6.0,9.0,26.0,5.0
2024-07-02,2024-07-02 09:11:55.000,RB2408,3386.0,3399.0,3399.0,3382.0,0.0,0.0,3555.0,3216.0,3386.0,3383.0,0.0,325.0,11026730.0,6336.0,3384.0,3382.0,3381.0,3380.0,3379.0,2.0,7.0,2.0,13.0,5.0,3385.0,3386.0,3387.0,3388.0,3389.0,6.0,6.0,9.0,26.0,5.0
2024-07-02,2024-07-02 09:11:55.500,RB2408,3386.0,3399.0,3399.0,3382.0,0.0,0.0,3555.0,3216.0,3386.0,3383.0,0.0,325.0,11026730.0,6336.0,3384.0,3382.0,3381.0,3380.0,3379.0,2.0,7.0,2.0,13.0,5.0,3385.0,3386.0,3387.0,3388.0,3389.0,5.0,6.0,9.0,26.0,5.0
2024-07-02,2024-07-02 09:11:56.500,RB2408,3386.0,3399.0,3399.0,3382.0,0.0,0.0,3555.0,3216.0,3386.0,3383.0,0.0,325.0,11026730.0,6336.0,3384.0,3382.0,3381.0,3380.0,3379.0,2.0,7.0,2.0,13.0,5.0,3385.0,3386.0,3387.0,3388.0,3389.0,6.0,6.0,9.0,26.0,5.0
2024-07-02,2024-07-02 09:11:58.000,RB2408,3386.0,3399.0,3399.0,3382.0,0.0,0.0,3555.0,3216.0,3386.0,3383.0,0.0,325.0,11026730.0,6336.0,3384.0,3382.0,3381.0,3380.0,3379.0,2.0,7.0,2.0,13.0,5.0,3385.0,3386.0,3387.0,3388.0,3389.0,5.0,6.0,9.0,26.0,5.0
2024-07-02,2024-07-02 09:11:59.500,RB2408,3386.0,3399.0,3399.0,3382.0,0.0,0.0,3555.0,3216.0,3386.0,3383.0,0.0,325.0,11026730.0,6336.0,3384.0,3382.0,3381.0,3380.0,3379.0,2.0,7.0,2.0,13.0,5.0,3385.0,3386.0,3387.0,3388.0,3389.0,6.0,6.0,9.0,26.0,5.0
2024-07-02,2024-07-02 09:12:00.000,RB2408,3386.0,3399.0,3399.0,3382.0,0.0,0.0,3555.0,3216.0,3386.0,3383.0,0.0,325.0,11026730.0,6336.0,3384.0,3382.0,3381.0,3380.0,3379.0,2.0,7.0,2.0,13.0,5.0,3385.0,3386.0,3387.0,3388.0,3389.0,5.0,6.0,9.0,26.0,5.0
2024-07-02,2024-07-02 09:12:01.000,RB2408,3386.0,3399.0,3399.0,3382.0,0.0,0.0,3555.0,3216.0,3386.0,3383.0,0.0,325.0,11026730.0,6336.0,3384.0,3382.0,3381.0,3380.0,3379.0,2.0,7.0,2.0,13.0,5.0,3385.0,3386.0,3387.0,3388.0,3389.0,6.0,6.0,9.0,26.0,5.0
2024-07-02,2024-07-02 09:12:01.500,RB2408,3386.0,3399.0,3399.0,3382.0,0.0,0.0,3555.0,3216.0,3386.0,3383.0,0.0,325.0,11026730.0,6336.0,3384.0,3382.0,3381.0,3380.0,3379.0,2.0,7.0,2.0,13.0,5.0,3385.0,3386.0,3387.0,3388.0,3389.0,5.0,6.0,9.0,26.0,5.0
2024-07-02,2024-07-02 09:12:02.000,RB2408,3386.0,3399.0,3399.0,3382.0,0.0,0.0,3555.0,3216.0,3386.0,3383.0,0.0,325.0,11026730.0,6336.0,3384.0,3382.0,3381.0,3380.0,3379.0,2.0,7.0,2.0,13.0,5.0,3385.0,3386.0,3387.0,3388.0,3389.0,6.0,6.0,9.0,26.0,5.0
2024-07-02,2024-07-02 09:12:03.000,RB2408,3386.0,3399.0,3399.0,3382.0,0.0,0.0,3555.0,3216.0,3386.0,3383.0,0.0,325.0,11026730.0,6336.0,3384.0,3382.0,3381.0,3380.0,3379.0,2.0,7.0,2.0,13.0,5.0,3385.0,3386.0,3387.0,3388.0,3389.0,5.0,6.0,9.0,26.0,5.0
2024-07-02,2024-07-02 09:12:03.500,RB2408,3386.0,3399.0,3399.0,3382.0,0.0,0.0,3555.0,3216.0,3386.0,3383.0,0.0,325.0,11026730.0,6336.0,3384.0,3382.0,3381.0,3380.0,3379.0,2.0,7.0,2.0,13.0,5.0,3385.0,3386.0,3387.0,3388.0,3389.0,6.0,6.0,9.0,26.0,5.0
2024-07-02,2024-07-02 09:12:05.000,RB2408,3386.0,3399.0,3399.0,3382.0,0.0,0.0,3555.0,3216.0,3386.0,3383.0,0.0,325.0,11026730.0,6336.0,3384.0,3382.0,3381.0,3380.0,3379.0,2.0,7.0,2.0,13.0,5.0,3385.0,3386.0,3387.0,3388.0,3389.0,5.0,6.0,9.0,26.0,5.0
2024-07-02,2024-07-02 09:12:05.500,RB2408,3386.0,3399.0,3399.0,3382.0,0.0,0.0,3555.0,3216.0,3386.0,3383.0,0.0,325.0,11026730.0,6336.0,3384.0,3382.0,3381.0,3380.0,3379.0,2.0,7.0,2.0,13.0,5.0,3385.0,3386.0,3387.0,3388.0,3389.0,6.0,6.0,9.0,26.0,5.0
2024-07-02,2024-07-02 09:12:07.500,RB2408,3386.0,3399.0,3399.0,3382.0,0.0,0.0,3555.0,3216.0,3386.0,3383.0,0.0,325.0,11026730.0,6336.0,3384.0,3382.0,3381.0,3380.0,3379.0,2.0,7.0,2.0,13.0,5.0,3385.0,3386.0,3387.0,3388.0,3389.0,5.0,6.0,9.0,26.0,5.0
2024-07-02,2024-07-02 09:12:08.500,RB2408,3386.0,3399.0,3399.0,3382.0,0.0,0.0,3555.0,3216.0,3386.0,3383.0,0.0,325.0,11026730.0,6336.0,3384.0,3382.0,3381.0,3380.0,3379.0,2.0,7.0,2.0,13.0,5.0,3385.0,3386.0,3387.0,3388.0,3389.0,6.0,6.0,9.0,26.0,5.0
2024-07-02,2024-07-02 09:12:10.500,RB2408,3386.0,3399.0,3399.0,3382.0,0.0,0.0,3555.0,3216.0,3386.0,3383.0,0.0,325.0,11026730.0,6336.0,3384.0,3382.0,3381.0,3380.0,3379.0,2.0,7.0,2.0,13.0,5.0,3385.0,3386.0,3387.0,3388.0,3389.0,5.0,6.0,9.0,26.0,5.0
2024-07-02,2024-07-02 09:12:11.500,RB2408,3386.0,3399.0,3399.0,3382.0,0.0,0.0,3555.0,3216.0,3386.0,3383.0,0.0,325.0,11026730.0,6336.0,3384.0,3382.0,3381.0,3380.0,3379.0,2.0,7.0,2.0,13.0,5.0,3385.0,3386.0,3387.0,3388.0,3389.0,6.0,6.0,9.0,26.0,5.0
2024-07-02,2024-07-02 09:12:14.000,RB2408,3386.0,3399.0,3399.0,3382.0,0.0,0.0,3555.0,3216.0,3386.0,3383.0,0.0,325.0,11026730.0,6336.0,3384.0,3382.0,3381.0,3380.0,3379.0,2.0,7.0,2.0,13.0,5.0,3385.0,3386.0,3387.0,3388.0,3389.0,5.0,6.0,9.0,26.0,5.0
2024-07-02,2024-07-02 09:12:15.000,RB2408,3386.0,3399.0,3399.0,3382.0,0.0,0.0,3555.0,3216.0,3386.0,3383.0,0.0,325.0,11026730.0,6336.0,3384.0,3382.0,3381.0,3380.0,3379.0,2.0,7.0,2.0,13.0,5.0,3385.0,3386.0,3387.0,3388.0,3389.0,6.0,6.0,9.0,26.0,5.0
2024-07-02,2024-07-02 09:12:19.000,RB2408,3386.0,3399.0,3399.0,3382.0,0.0,0.0,3555.0,3216.0,3386.0,3383.0,0.0,325.0,11026730.0,6336.0,3384.0,3382.0,3381.0,3380.0,3379.0,2.0,7.0,2.0,13.0,5.0,3385.0,3386.0,3387.0,3388.0,3389.0,5.0,6.0,9.0,26.0,5.0
2024-07-02,2024-07-02 09:12:20.000,RB2408,3386.0,3399.0,3399.0,3382.0,0.0,0.0,3555.0,3216.0,3386.0,3383.0,0.0,325.0,11026730.0,6336.0,3384.0,3382.0,3381.0,3380.0,3379.0,2.0,7.0,2.0,13.0,5.0,3385.0,3386.0,3387.0,3388.0,3389.0,6.0,6.0,9.0,26.0,5.0
2024-07-02,2024-07-02 09:12:20.500,RB2408,3386.0,3399.0,3399.0,3382.0,0.0,0.0,3555.0,3216.0,3386.0,3383.0,0.0,325.0,11026730.0,6336.0,3384.0,3382.0,3381.0,3380.0,3379.0,2.0,7.0,2.0,13.0,5.0,3385.0,3386.0,3387.0,3388.0,3389.0,5.0,6.0,9.0,26.0,5.0
2024-07-02,2024-07-02 09:12:21.500,RB2408,3386.0,3399.0,3399.0,3382.0,0.0,0.0,3555.0,3216.0,3386.0,3383.0,0.0,325.0,11026730.0,6336.0,3384.0,3382.0,3381.0,3380.0,3379.0,2.0,7.0,2.0,13.0,5.0,3385.0,3386.0,3387.0,3388.0,3389.0,6.0,6.0,9.0,26.0,5.0
2024-07-02,2024-07-02 09:12:24.500,RB2408,3386.0,3399.0,3399.0,3382.0,0.0,0.0,3555.0,3216.0,3386.0,3383.0,0.0,325.0,11026730.0,6336.0,3384.0,3382.0,3381.0,3380.0,3379.0,2.0,7.0,2.0,13.0,5.0,3385.0,3386.0,3387.0,3388.0,3389.0,16.0,6.0,9.0,26.0,5.0
2024-07-02,2024-07-02 09:12:27.000,RB2408,3386.0,3399.0,3399.0,3382.0,0.0,0.0,3555.0,3216.0,3386.0,3383.0,0.0,325.0,11026730.0,6336.0,3384.0,3382.0,3381.0,3380.0,3379.0,2.0,7.0,2.0,13.0,5.0,3385.0,3386.0,3387.0,3388.0,3389.0,15.0,6.0,9.0,26.0,5.0
2024-07-02,2024-07-02 09:12:27.500,RB2408,3386.0,3399.0,3399.0,3382.0,0.0,0.0,3555.0,3216.0,3386.0,3383.0,0.0,325.0,11026730.0,6336.0,3384.0,3382.0,3381.0,3380.0,3379.0,2.0,7.0,2.0,13.0,5.0,3385.0,3386.0,3387.0,3388.0,3389.0,16.0,6.0,9.0,26.0,5.0
2024-07-02,2024-07-02 09:12:28.000,RB2408,3386.0,3399.0,3399.0,3382.0,0.0,0.0,3555.0,3216.0,3386.0,3383.0,0.0,325.0,11026730.0,6336.0,3382.0,3380.0,3379.0,3378.0,3376.0,7.0,13.0,5.0,1.0,1.0,3385.0,3386.0,3387.0,3388.0,3389.0,16.0,6.0,9.0,26.0,5.0
2024-07-02,2024-07-02 09:12:28.500,RB2408,3386.0,3399.0,3399.0,3382.0,0.0,0.0,3555.0,3216.0,3386.0,3383.0,0.0,325.0,11026730.0,6336.0,3382.0,3380.0,3379.0,3378.0,3376.0,7.0,13.0,7.0,1.0,1.0,3385.0,3386.0,3387.0,3388.0,3389.0,16.0,6.0,9.0,26.0,5.0
2024-07-02,2024-07-02 09:12:29.000,RB2408,3386.0,3399.0,3399.0,3382.0,0.0,0.0,3555.0,3216.0,3386.0,3383.0,0.0,325.0,11026730.0,6336.0,3382.0,3380.0,3379.0,3378.0,3376.0,7.0,13.0,7.0,1.0,1.0,3385.0,3386.0,3387.0,3388.0,3389.0,15.0,6.0,9.0,26.0,5.0
2024-07-02,2024-07-02 09:12:30.000,RB2408,3386.0,3399.0,3399.0,3382.0,0.0,0.0,3555.0,3216.0,3386.0,3383.0,0.0,325.0,11026730.0,6336.0,3382.0,3380.0,3379.0,3378.0,3376.0,7.0,13.0,7.0,1.0,1.0,3385.0,3386.0,3387.0,3388.0,3389.0,16.0,6.0,9.0,26.0,5.0
2024-07-02,2024-07-02 09:12:32.500,RB2408,3386.0,3399.0,3399.0,3382.0,0.0,0.0,3555.0,3216.0,3386.0,3383.0,0.0,325.0,11026730.0,6336.0,3382.0,3380.0,3379.0,3378.0,3376.0,7.0,8.0,7.0,1.0,1.0,3385.0,3386.0,3387.0,3388.0,3389.0,16.0,6.0,9.0,26.0,5.0
2024-07-02,2024-07-02 09:12:33.000,RB2408,3386.0,3399.0,3399.0,3382.0,0.0,0.0,3555.0,3216.0,3386.0,3383.0,0.0,325.0,11026730.0,6336.0,3382.0,3380.0,3379.0,3378.0,3376.0,5.0,13.0,7.0,1.0,1.0,3384.0,3385.0,3386.0,3387.0,3388.0,5.0,16.0,6.0,8.0,26.0
2024-07-02,2024-07-02 09:12:33.500,RB2408,3386.0,3399.0,3399.0,3382.0,0.0,0.0,3555.0,3216.0,3386.0,3383.0,0.0,325.0,11026730.0,6336.0,3382.0,3380.0,3379.0,3378.0,3376.0,5.0,14.0,7.0,1.0,1.0,3384.0,3385.0,3386.0,3387.0,3388.0,5.0,15.0,7.0,8.0,26.0
2024-07-02,2024-07-02 09:12:34.000,RB2408,3386.0,3399.0,3399.0,3382.0,0.0,0.0,3555.0,3216.0,3386.0,3383.0,0.0,325.0,11026730.0,6336.0,3382.0,3380.0,3379.0,3378.0,3376.0,6.0,14.0,7.0,1.0,1.0,3384.0,3385.0,3386.0,3387.0,3388.0,5.0,15.0,7.0,8.0,26.0
2024-07-02,2024-07-02 09:12:34.500,RB2408,3386.0,3399.0,3399.0,3382.0,0.0,0.0,3555.0,3216.0,3386.0,3383.0,0.0,325.0,11026730.0,6336.0,3382.0,3380.0,3379.0,3378.0,3376.0,6.0,12.0,7.0,1.0,1.0,3384.0,3385.0,3386.0,3387.0,3388.0,6.0,15.0,7.0,8.0,26.0
2024-07-02,2024-07-02 09:12:35.000,RB2408,3386.0,3399.0,3399.0,3382.0,0.0,0.0,3555.0,3216.0,3386.0,3383.0,0.0,325.0,11026730.0,6336.0,3382.0,3380.0,3379.0,3378.0,3376.0,5.0,12.0,7.0,1.0,1.0,3384.0,3385.0,3386.0,3387.0,3388.0,6.0,15.0,7.0,8.0,26.0
2024-07-02,2024-07-02 09:12:35.500,RB2408,3386.0,3399.0,3399.0,3382.0,0.0,0.0,3555.0,3216.0,3386.0,3383.0,0.0,325.0,11026730.0,6336.0,3382.0,3380.0,3379.0,3378.0,3376.0,5.0,12.0,7.0,1.0,1.0,3384.0,3385.0,3386.0,3387.0,3388.0,5.0,15.0,7.0,8.0,26.0
2024-07-02,2024-07-02 09:12:36.000,RB2408,3386.0,3399.0,3399.0,3382.0,0.0,0.0,3555.0,3216.0,3386.0,3383.0,0.0,325.0,11026730.0,6336.0,3382.0,3380.0,3379.0,3378.0,3376.0,5.0,12.0,7.0,1.0,1.0,3384.0,3385.0,3386.0,3387.0,3388.0,6.0,15.0,7.0,8.0,26.0
2024-07-02,2024-07-02 09:12:37.000,RB2408,3386.0,3399.0,3399.0,3382.0,0.0,0.0,3555.0,3216.0,3386.0,3383.0,0.0,325.0,11026730.0,6336.0,3382.0,3380.0,3379.0,3378.0,3376.0,5.0,12.0,7.0,1.0,1.0,3383.0,3384.0,3385.0,3386.0,3387.0,1.0,5.0,15.0,7.0,8.0
2024-07-02,2024-07-02 09:12:38.000,RB2408,3386.0,3399.0,3399.0,3382.0,0.0,0.0,3555.0,3216.0,3386.0,3383.0,0.0,325.0,11026730.0,6336.0,3382.0,3380.0,3379.0,3378.0,3376.0,6.0,12.0,7.0,1.0,1.0,3383.0,3384.0,3385.0,3386.0,3387.0,1.0,5.0,15.0,7.0,8.0
2024-07-02,2024-07-02 09:12:40.000,RB2408,3386.0,3399.0,3399.0,3382.0,0.0,0.0,3555.0,3216.0,3386.0,3383.0,0.0,325.0,11026730.0,6336.0,3382.0,3380.0,3379.0,3378.0,3376.0,5.0,12.0,7.0,1.0,1.0,3383.0,3384.0,3385.0,3386.0,3387.0,1.0,5.0,15.0,7.0,8.0
2024-07-02,2024-07-02 09:12:47.000,RB2408,3386.0,3399.0,3399.0,3382.0,0.0,0.0,3555.0,3216.0,3386.0,3383.0,0.0,325.0,11026730.0,6336.0,3382.0,3380.0,3379.0,3378.0,3376.0,5.0,12.0,5.0,1.0,1.0,3383.0,3384.0,3385.0,3386.0,3387.0,1.0,5.0,15.0,7.0,8.0
2024-07-02,2024-07-02 09:12:48.500,RB2408,3386.0,3399.0,3399.0,3382.0,0.0,0.0,3555.0,3216.0,3386.0,3383.0,0.0,325.0,11026730.0,6336.0,3382.0,3380.0,3379.0,3378.0,3376.0,5.0,12.0,5.0,1.0,1.0,3383.0,3384.0,3385.0,3386.0,3387.0,1.0,5.0,15.0,7.0,11.0
2024-07-02,2024-07-02 09:12:52.500,RB2408,3386.0,3399.0,3399.0,3382.0,0.0,0.0,3555.0,3216.0,3386.0,3383.0,0.0,325.0,11026730.0,6336.0,3382.0,3381.0,3380.0,3379.0,3378.0,5.0,5.0,12.0,5.0,1.0,3383.0,3384.0,3385.0,3386.0,3387.0,1.0,5.0,15.0,7.0,11.0
2024-07-02,2024-07-02 09:12:56.000,RB2408,3386.0,3399.0,3399.0,3382.0,0.0,0.0,3555.0,3216.0,3386.0,3383.0,0.0,325.0,11026730.0,6336.0,3382.0,3381.0,3380.0,3379.0,3378.0,5.0,5.0,12.0,5.0,1.0,3383.0,3384.0,3385.0,3386.0,3387.0,1.0,5.0,15.0,7.0,10.0
2024-07-02,2024-07-02 09:12:58.500,RB2408,3386.0,3399.0,3399.0,3382.0,0.0,0.0,3555.0,3216.0,3386.0,3383.0,0.0,325.0,11026730.0,6336.0,3382.0,3381.0,3380.0,3379.0,3378.0,6.0,5.0,12.0,5.0,1.0,3383.0,3385.0,3386.0,3387.0,3388.0,1.0,15.0,7.0,10.0,26.0
2024-07-02,2024-07-02 09:12:59.000,RB2408,3383.0,3399.0,3399.0,3382.0,0.0,0.0,3555.0,3216.0,3386.0,3383.0,0.0,326.0,11060560.0,6336.0,3382.0,3381.0,3380.0,3379.0,3378.0,6.0,5.0,11.0,5.0,1.0,3385.0,3386.0,3387.0,3388.0,3392.0,15.0,7.0,10.0,26.0,2.0
2024-07-02,2024-07-02 09:12:59.500,RB2408,3383.0,3399.0,3399.0,3382.0,0.0,0.0,3555.0,3216.0,3386.0,3383.0,0.0,326.0,11060560.0,6336.0,3382.0,3381.0,3380.0,3379.0,3378.0,6.0,6.0,11.0,9.0,1.0,3385.0,3386.0,3387.0,3388.0,3392.0,16.0,7.0,10.0,26.0,1.0
2024-07-02,2024-07-02 09:13:01.000,RB2408,3383.0,3399.0,3399.0,3382.0,0.0,0.0,3555.0,3216.0,3386.0,3383.0,0.0,326.0,11060560.0,6336.0,3382.0,3381.0,3380.0,3379.0,3378.0,6.0,6.0,11.0,9.0,1.0,3385.0,3386.0,3387.0,3388.0,3392.0,15.0,7.0,10.0,26.0,1.0
2024-07-02,2024-07-02 09:13:01.500,RB2408,3383.0,3399.0,3399.0,3382.0,0.0,0.0,3555.0,3216.0,3386.0,3383.0,0.0,326.0,11060560.0,6336.0,3382.0,3381.0,3380.0,3379.0,3378.0,6.0,6.0,11.0,9.0,1.0,3385.0,3386.0,3387.0,3388.0,3392.0,16.0,7.0,10.0,26.0,1.0
2024-07-02,2024-07-02 09:13:03.500,RB2408,3383.0,3399.0,3399.0,3382.0,0.0,0.0,3555.0,3216.0,3386.0,3383.0,0.0,326.0,11060560.0,6336.0,3382.0,3381.0,3380.0,3379.0,3378.0,6.0,6.0,11.0,7.0,1.0,3385.0,3386.0,3387.0,3388.0,3392.0,16.0,7.0,10.0,26.0,1.0
2024-07-02,2024-07-02 09:13:05.500,RB2408,3383.0,3399.0,3399.0,3382.0,0.0,0.0,3555.0,3216.0,3386.0,3383.0,0.0,326.0,11060560.0,6336.0,3382.0,3381.0,3380.0,3379.0,3378.0,6.0,6.0,11.0,7.0,1.0,3385.0,3386.0,3387.0,3388.0,3392.0,15.0,7.0,10.0,26.0,1.0
2024-07-02,2024-07-02 09:13:06.000,RB2408,3383.0,3399.0,3399.0,3382.0,0.0,0.0,3555.0,3216.0,3386.0,3383.0,0.0,326.0,11060560.0,6336.0,3382.0,3381.0,3380.0,3379.0,3378.0,6.0,6.0,11.0,5.0,1.0,3385.0,3386.0,3387.0,3388.0,3392.0,16.0,7.0,10.0,26.0,1.0
2024-07-02,2024-07-02 09:13:07.000,RB2408,3383.0,3399.0,3399.0,3382.0,0.0,0.0,3555.0,3216.0,3386.0,3383.0,0.0,326.0,11060560.0,6336.0,3382.0,3381.0,3380.0,3379.0,3378.0,5.0,5.0,11.0,5.0,1.0,3384.0,3385.0,3386.0,3387.0,3388.0,5.0,16.0,7.0,10.0,26.0
2024-07-02,2024-07-02 09:13:07.500,RB2408,3383.0,3399.0,3399.0,3382.0,0.0,0.0,3555.0,3216.0,3386.0,3383.0,0.0,326.0,11060560.0,6336.0,3382.0,3381.0,3380.0,3379.0,3378.0,5.0,5.0,12.0,5.0,1.0,3384.0,3385.0,3386.0,3387.0,3388.0,5.0,15.0,7.0,10.0,26.0
2024-07-02,2024-07-02 09:13:08.000,RB2408,3383.0,3399.0,3399.0,3382.0,0.0,0.0,3555.0,3216.0,3386.0,3383.0,0.0,326.0,11060560.0,6336.0,3382.0,3381.0,3380.0,3379.0,3378.0,5.0,5.0,12.0,5.0,1.0,3384.0,3385.0,3386.0,3387.0,3388.0,6.0,15.0,7.0,10.0,26.0
2024-07-02,2024-07-02 09:13:08.500,RB2408,3383.0,3399.0,3399.0,3382.0,0.0,0.0,3555.0,3216.0,3386.0,3383.0,0.0,326.0,11060560.0,6336.0,3382.0,3381.0,3380.0,3379.0,3378.0,5.0,5.0,12.0,5.0,1.0,3384.0,3385.0,3386.0,3387.0,3388.0,5.0,15.0,7.0,10.0,26.0
2024-07-02,2024-07-02 09:13:09.500,RB2408,3383.0,3399.0,3399.0,3382.0,0.0,0.0,3555.0,3216.0,3386.0,3383.0,0.0,326.0,11060560.0,6336.0,3382.0,3381.0,3380.0,3379.0,3378.0,5.0,5.0,12.0,5.0,1.0,3384.0,3385.0,3386.0,3387.0,3388.0,6.0,15.0,7.0,10.0,26.0
2024-07-02,2024-07-02 09:13:10.000,RB2408,3383.0,3399.0,3399.0,3382.0,0.0,0.0,3555.0,3216.0,3386.0,3383.0,0.0,326.0,11060560.0,6336.0,3382.0,3381.0,3380.0,3379.0,3378.0,5.0,5.0,12.0,5.0,1.0,3384.0,3385.0,3386.0,3387.0,3388.0,5.0,15.0,7.0,10.0,26.0
2024-07-02,2024-07-02 09:13:11.000,RB2408,3383.0,3399.0,3399.0,3382.0,0.0,0.0,3555.0,3216.0,3386.0,3383.0,0.0,326.0,11060560.0,6336.0,3382.0,3381.0,3380.0,3379.0,3378.0,6.0,5.0,12.0,5.0,1.0,3385.0,3386.0,3387.0,3388.0,3392.0,15.0,7.0,10.0,26.0,1.0
2024-07-02,2024-07-02 09:13:11.500,RB2408,3383.0,3399.0,3399.0,3382.0,0.0,0.0,3555.0,3216.0,3386.0,3383.0,0.0,326.0,11060560.0,6336.0,3382.0,3381.0,3380.0,3379.0,3378.0,5.0,5.0,12.0,5.0,1.0,3385.0,3386.0,3387.0,3388.0,3392.0,16.0,7.0,10.0,26.0,1.0
2024-07-02,2024-07-02 09:13:12.000,RB2408,3383.0,3399.0,3399.0,3382.0,0.0,0.0,3555.0,3216.0,3386.0,3383.0,0.0,326.0,11060560.0,6336.0,3382.0,3381.0,3380.0,3379.0,3378.0,5.0,5.0,12.0,5.0,1.0,3384.0,3385.0,3386.0,3387.0,3388.0,5.0,16.0,7.0,10.0,26.0
2024-07-02,2024-07-02 09:13:12.500,RB2408,3383.0,3399.0,3399.0,3382.0,0.0,0.0,3555.0,3216.0,3386.0,3383.0,0.0,326.0,11060560.0,6336.0,3382.0,3381.0,3380.0,3379.0,3378.0,5.0,5.0,12.0,5.0,1.0,3384.0,3385.0,3386.0,3387.0,3388.0,5.0,15.0,7.0,10.0,26.0
2024-07-02,2024-07-02 09:13:13.000,RB2408,3383.0,3399.0,3399.0,3382.0,0.0,0.0,3555.0,3216.0,3386.0,3383.0,0.0,326.0,11060560.0,6336.0,3382.0,3381.0,3380.0,3379.0,3378.0,5.0,5.0,12.0,5.0,1.0,3384.0,3385.0,3386.0,3387.0,3388.0,6.0,15.0,7.0,10.0,26.0
2024-07-02,2024-07-02 09:13:13.500,RB2408,3383.0,3399.0,3399.0,3382.0,0.0,0.0,3555.0,3216.0,3386.0,3383.0,0.0,326.0,11060560.0,6336.0,3382.0,3381.0,3380.0,3379.0,3378.0,5.0,5.0,12.0,5.0,1.0,3384.0,3385.0,3386.0,3387.0,3388.0,5.0,15.0,7.0,10.0,26.0
2024-07-02,2024-07-02 09:13:14.000,RB2408,3383.0,3399.0,3399.0,3382.0,0.0,0.0,3555.0,3216.0,3386.0,3383.0,0.0,326.0,11060560.0,6336.0,3382.0,3381.0,3380.0,3379.0,3378.0,5.0,5.0,12.0,5.0,1.0,3384.0,3385.0,3386.0,3387.0,3388.0,6.0,15.0,7.0,10.0,26.0
2024-07-02,2024-07-02 09:13:15.000,RB2408,3383.0,3399.0,3399.0,3382.0,0.0,0.0,3555.0,3216.0,3386.0,3383.0,0.0,326.0,11060560.0,6336.0,3382.0,3381.0,3380.0,3379.0,3378.0,5.0,5.0,12.0,5.0,1.0,3384.0,3385.0,3386.0,3387.0,3388.0,5.0,15.0,7.0,10.0,26.0
2024-07-02,2024-07-02 09:13:17.000,RB2408,3383.0,3399.0,3399.0,3382.0,0.0,0.0,3555.0,3216.0,3386.0,3383.0,0.0,326.0,11060560.0,6336.0,3382.0,3381.0,3380.0,3379.0,3378.0,5.0,5.0,12.0,5.0,1.0,3384.0,3385.0,3386.0,3387.0,3388.0,6.0,15.0,7.0,10.0,26.0
2024-07-02,2024-07-02 09:13:19.000,RB2408,3383.0,3399.0,3399.0,3382.0,0.0,0.0,3555.0,3216.0,3386.0,3383.0,0.0,326.0,11060560.0,6336.0,3382.0,3381.0,3380.0,3379.0,3378.0,5.0,5.0,12.0,5.0,1.0,3384.0,3385.0,3386.0,3387.0,3388.0,5.0,15.0,7.0,10.0,26.0
2024-07-02,2024-07-02 09:13:19.500,RB2408,3383.0,3399.0,3399.0,3382.0,0.0,0.0,3555.0,3216.0,3386.0,3383.0,0.0,326.0,11060560.0,6336.0,3382.0,3381.0,3380.0,3379.0,3378.0,5.0,5.0,12.0,5.0,1.0,3384.0,3385.0,3386.0,3387.0,3388.0,6.0,15.0,7.0,10.0,26.0
2024-07-02,2024-07-02 09:13:20.000,RB2408,3383.0,3399.0,3399.0,3382.0,0.0,0.0,3555.0,3216.0,3386.0,3383.0,0.0,326.0,11060560.0,6336.0,3382.0,3381.0,3380.0,3379.0,3378.0,5.0,5.0,12.0,5.0,1.0,3384.0,3385.0,3386.0,3387.0,3388.0,5.0,15.0,7.0,10.0,26.0
2024-07-02,2024-07-02 09:13:20.500,RB2408,3383.0,3399.0,3399.0,3382.0,0.0,0.0,3555.0,3216.0,3386.0,3383.0,0.0,326.0,11060560.0,6336.0,3382.0,3381.0,3380.0,3379.0,3378.0,5.0,5.0,12.0,5.0,1.0,3384.0,3385.0,3386.0,3387.0,3388.0,6.0,15.0,7.0,10.0,26.0
2024-07-02,2024-07-02 09:13:21.500,RB2408,3383.0,3399.0,3399.0,3382.0,0.0,0.0,3555.0,3216.0,3386.0,3383.0,0.0,326.0,11060560.0,6336.0,3382.0,3381.0,3380.0,3379.0,3378.0,5.0,5.0,12.0,5.0,1.0,3384.0,3385.0,3386.0,3387.0,3388.0,5.0,15.0,7.0,10.0,26.0
2024-07-02,2024-07-02 09:13:22.000,RB2408,3383.0,3399.0,3399.0,3382.0,0.0,0.0,3555.0,3216.0,3386.0,3383.0,0.0,326.0,11060560.0,6336.0,3382.0,3381.0,3380.0,3379.0,3378.0,5.0,5.0,12.0,5.0,1.0,3384.0,3385.0,3386.0,3387.0,3388.0,6.0,15.0,7.0,10.0,26.0
2024-07-02,2024-07-02 09:13:24.000,RB2408,3383.0,3399.0,3399.0,3382.0,0.0,0.0,3555.0,3216.0,3386.0,3383.0,0.0,326.0,11060560.0,6336.0,3382.0,3381.0,3380.0,3379.0,3378.0,5.0,5.0,12.0,5.0,1.0,3384.0,3385.0,3386.0,3387.0,3388.0,5.0,15.0,7.0,10.0,26.0
2024-07-02,2024-07-02 09:13:24.500,RB2408,3383.0,3399.0,3399.0,3382.0,0.0,0.0,3555.0,3216.0,3386.0,3383.0,0.0,326.0,11060560.0,6336.0,3382.0,3381.0,3380.0,3379.0,3378.0,5.0,5.0,12.0,5.0,1.0,3384.0,3385.0,3386.0,3387.0,3388.0,6.0,15.0,7.0,10.0,26.0
2024-07-02,2024-07-02 09:13:25.500,RB2408,3383.0,3399.0,3399.0,3382.0,0.0,0.0,3555.0,3216.0,3386.0,3383.0,0.0,326.0,11060560.0,6336.0,3382.0,3381.0,3380.0,3379.0,3378.0,5.0,5.0,12.0,5.0,1.0,3384.0,3385.0,3386.0,3387.0,3388.0,5.0,15.0,7.0,10.0,26.0
2024-07-02,2024-07-02 09:13:26.000,RB2408,3383.0,3399.0,3399.0,3382.0,0.0,0.0,3555.0,3216.0,3386.0,3383.0,0.0,326.0,11060560.0,6336.0,3382.0,3381.0,3380.0,3379.0,3378.0,5.0,5.0,12.0,5.0,1.0,3384.0,3385.0,3386.0,3387.0,3388.0,6.0,15.0,7.0,10.0,26.0
2024-07-02,2024-07-02 09:13:26.500,RB2408,3383.0,3399.0,3399.0,3382.0,0.0,0.0,3555.0,3216.0,3386.0,3383.0,0.0,326.0,11060560.0,6336.0,3382.0,3381.0,3380.0,3379.0,3378.0,5.0,5.0,12.0,5.0,1.0,3384.0,3385.0,3386.0,3387.0,3388.0,1.0,15.0,7.0,10.0,26.0
2024-07-02,2024-07-02 09:13:27.000,RB2408,3383.0,3399.0,3399.0,3382.0,0.0,0.0,3555.0,3216.0,3386.0,3383.0,0.0,326.0,11060560.0,6336.0,3382.0,3381.0,3380.0,3379.0,3378.0,6.0,5.0,12.0,5.0,1.0,3384.0,3385.0,3386.0,3387.0,3388.0,1.0,15.0,7.0,10.0,26.0
2024-07-02,2024-07-02 09:13:27.500,RB2408,3383.0,3399.0,3399.0,3382.0,0.0,0.0,3555.0,3216.0,3386.0,3383.0,0.0,326.0,11060560.0,6336.0,3382.0,3381.0,3380.0,3379.0,3378.0,6.0,5.0,11.0,5.0,1.0,3385.0,3386.0,3387.0,3388.0,3392.0,15.0,7.0,10.0,26.0,1.0
2024-07-02,2024-07-02 09:13:28.000,RB2408,3383.0,3399.0,3399.0,3382.0,0.0,0.0,3555.0,3216.0,3386.0,3383.0,0.0,326.0,11060560.0,6336.0,3382.0,3381.0,3380.0,3379.0,3378.0,6.0,6.0,11.0,7.0,1.0,3385.0,3386.0,3387.0,3388.0,3392.0,16.0,7.0,10.0,26.0,1.0
2024-07-02,2024-07-02 09:13:34.000,RB2408,3383.0,3399.0,3399.0,3382.0,0.0,0.0,3555.0,3216.0,3386.0,3383.0,0.0,326.0,11060560.0,6336.0,3382.0,3381.0,3380.0,3379.0,3378.0,6.0,6.0,11.0,7.0,1.0,3385.0,3386.0,3387.0,3388.0,3392.0,15.0,7.0,10.0,26.0,1.0
2024-07-02,2024-07-02 09:13:34.500,RB2408,3383.0,3399.0,3399.0,3382.0,0.0,0.0,3555.0,3216.0,3386.0,3383.0,0.0,326.0,11060560.0,6336.0,3382.0,3381.0,3380.0,3379.0,3378.0,6.0,6.0,11.0,5.0,1.0,3385.0,3386.0,3387.0,3388.0,3392.0,16.0,7.0,10.0,26.0,1.0
2024-07-02,2024-07-02 09:13:36.500,RB2408,3383.0,3399.0,3399.0,3382.0,0.0,0.0,3555.0,3216.0,3386.0,3383.0,0.0,326.0,11060560.0,6336.0,3382.0,3381.0,3380.0,3379.0,3378.0,6.0,6.0,11.0,5.0,1.0,3385.0,3386.0,3387.0,3388.0,3392.0,15.0,7.0,10.0,26.0,1.0
2024-07-02,2024-07-02 09:13:37.500,RB2408,3383.0,3399.0,3399.0,3382.0,0.0,0.0,3555.0,3216.0,3386.0,3383.0,0.0,326.0,11060560.0,6336.0,3382.0,3381.0,3380.0,3379.0,3378.0,6.0,6.0,11.0,5.0,1.0,3385.0,3386.0,3387.0,3388.0,3392.0,16.0,7.0,10.0,26.0,1.0
2024-07-02,2024-07-02 09:13:38.000,RB2408,3383.0,3399.0,3399.0,3382.0,0.0,0.0,3555.0,3216.0,3386.0,3383.0,0.0,326.0,11060560.0,6336.0,3382.0,3381.0,3380.0,3379.0,3378.0,6.0,6.0,11.0,5.0,1.0,3385.0,3386.0,3387.0,3388.0,3392.0,15.0,7.0,10.0,26.0,1.0
2024-07-02,2024-07-02 09:13:39.500,RB2408,3383.0,3399.0,3399.0,3382.0,0.0,0.0,3555.0,3216.0,3386.0,3383.0,0.0,326.0,11060560.0,6336.0,3382.0,3381.0,3380.0,3379.0,3378.0,6.0,6.0,11.0,5.0,1.0,3385.0,3386.0,3387.0,3388.0,3392.0,16.0,7.0,10.0,26.0,1.0
2024-07-02,2024-07-02 09:13:40.000,RB2408,3383.0,3399.0,3399.0,3382.0,0.0,0.0,3555.0,3216.0,3386.0,3383.0,0.0,326.0,11060560.0,6336.0,3382.0,3381.0,3380.0,3379.0,3378.0,6.0,6.0,11.0,5.0,1.0,3385.0,3386.0,3387.0,3388.0,3392.0,15.0,7.0,10.0,26.0,1.0
2024-07-02,2024-07-02 09:13:42.000,RB2408,3383.0,3399.0,3399.0,3382.0,0.0,0.0,3555.0,3216.0,3386.0,3383.0,0.0,326.0,11060560.0,6336.0,3382.0,3381.0,3380.0,3379.0,3378.0,6.0,6.0,11.0,5.0,1.0,3385.0,3386.0,3387.0,3388.0,3392.0,16.0,7.0,10.0,26.0,1.0
2024-07-02,2024-07-02 09:13:42.500,RB2408,3383.0,3399.0,3399.0,3382.0,0.0,0.0,3555.0,3216.0,3386.0,3383.0,0.0,326.0,11060560.0,6336.0,3382.0,3381.0,3380.0,3379.0,3378.0,6.0,6.0,11.0,5.0,1.0,3385.0,3386.0,3387.0,3388.0,3392.0,15.0,7.0,10.0,26.0,1.0
2024-07-02,2024-07-02 09:13:43.500,RB2408,3383.0,3399.0,3399.0,3382.0,0.0,0.0,3555.0,3216.0,3386.0,3383.0,0.0,326.0,11060560.0,6336.0,3382.0,3381.0,3380.0,3379.0,3378.0,6.0,6.0,11.0,5.0,1.0,3385.0,3386.0,3387.0,3388.0,3392.0,16.0,7.0,10.0,26.0,1.0
2024-07-02,2024-07-02 09:13:44.000,RB2408,3383.0,3399.0,3399.0,3382.0,0.0,0.0,3555.0,3216.0,3386.0,3383.0,0.0,326.0,11060560.0,6336.0,3382.0,3381.0,3380.0,3379.0,3378.0,6.0,6.0,11.0,5.0,1.0,3385.0,3386.0,3387.0,3388.0,3392.0,15.0,7.0,10.0,26.0,1.0
2024-07-02,2024-07-02 09:13:47.000,RB2408,3383.0,3399.0,3399.0,3382.0,0.0,0.0,3555.0,3216.0,3386.0,3383.0,0.0,326.0,11060560.0,6336.0,3382.0,3381.0,3380.0,3379.0,3378.0,6.0,6.0,11.0,5.0,1.0,3385.0,3386.0,3387.0,3388.0,3392.0,16.0,7.0,10.0,26.0,1.0
2024-07-02,2024-07-02 09:13:48.000,RB2408,3383.0,3399.0,3399.0,3382.0,0.0,0.0,3555.0,3216.0,3386.0,3383.0,0.0,326.0,11060560.0,6336.0,3382.0,3381.0,3380.0,3379.0,3378.0,6.0,6.0,11.0,5.0,1.0,3385.0,3386.0,3387.0,3388.0,3392.0,15.0,7.0,10.0,26.0,1.0
2024-07-02,2024-07-02 09:13:49.000,RB2408,3383.0,3399.0,3399.0,3382.0,0.0,0.0,3555.0,3216.0,3386.0,3383.0,0.0,326.0,11060560.0,6336.0,3382.0,3381.0,3380.0,3379.0,3378.0,6.0,6.0,11.0,5.0,1.0,3385.0,3386.0,3387.0,3388.0,3392.0,16.0,7.0,10.0,26.0,1.0
2024-07-02,2024-07-02 09:13:51.000,RB2408,3383.0,3399.0,3399.0,3382.0,0.0,0.0,3555.0,3216.0,3386.0,3383.0,0.0,326.0,11060560.0,6336.0,3382.0,3381.0,3380.0,3379.0,3378.0,6.0,6.0,11.0,5.0,1.0,3385.0,3386.0,3387.0,3388.0,3392.0,15.0,7.0,10.0,26.0,1.0
2024-07-02,2024-07-02 09:13:53.000,RB2408,3383.0,3399.0,3399.0,3382.0,0.0,0.0,3555.0,3216.0,3386.0,3383.0,0.0,326.0,11060560.0,6336.0,3382.0,3381.0,3380.0,3379.0,3378.0,6.0,6.0,11.0,5.0,1.0,3385.0,3386.0,3387.0,3388.0,3392.0,16.0,7.0,10.0,26.0,1.0
2024-07-02,2024-07-02 09:13:54.000,RB2408,3383.0,3399.0,3399.0,3382.0,0.0,0.0,3555.0,3216.0,3386.0,3383.0,0.0,326.0,11060560.0,6336.0,3382.0,3381.0,3380.0,3379.0,3378.0,6.0,6.0,11.0,5.0,1.0,3385.0,3386.0,3387.0,3388.0,3392.0,15.0,7.0,10.0,26.0,1.0
2024-07-02,2024-07-02 09:13:54.500,RB2408,3383.0,3399.0,3399.0,3382.0,0.0,0.0,3555.0,3216.0,3386.0,3383.0,0.0,326.0,11060560.0,6336.0,3382.0,3381.0,3380.0,3379.0,3378.0,6.0,6.0,11.0,5.0,1.0,3385.0,3386.0,3387.0,3388.0,3392.0,16.0,7.0,10.0,26.0,1.0
2024-07-02,2024-07-02 09:13:55.500,RB2408,3383.0,3399.0,3399.0,3382.0,0.0,0.0,3555.0,3216.0,3386.0,3383.0,0.0,326.0,11060560.0,6336.0,3382.0,3381.0,3380.0,3379.0,3378.0,6.0,6.0,11.0,5.0,1.0,3385.0,3386.0,3387.0,3388.0,3392.0,15.0,7.0,10.0,26.0,1.0
2024-07-02,2024-07-02 09:13:57.000,RB2408,3383.0,3399.0,3399.0,3382.0,0.0,0.0,3555.0,3216.0,3386.0,3383.0,0.0,326.0,11060560.0,6336.0,3382.0,3381.0,3380.0,3379.0,3378.0,6.0,6.0,11.0,5.0,1.0,3385.0,3386.0,3387.0,3388.0,3392.0,16.0,7.0,10.0,26.0,1.0
2024-07-02,2024-07-02 09:13:58.000,RB2408,3383.0,3399.0,3399.0,3382.0,0.0,0.0,3555.0,3216.0,3386.0,3383.0,0.0,326.0,11060560.0,6336.0,3382.0,3381.0,3380.0,3379.0,3378.0,6.0,6.0,11.0,5.0,1.0,3385.0,3386.0,3387.0,3388.0,3392.0,15.0,7.0,10.0,26.0,1.0
2024-07-02,2024-07-02 09:13:59.000,RB2408,3383.0,3399.0,3399.0,3382.0,0.0,0.0,3555.0,3216.0,3386.0,3383.0,0.0,326.0,11060560.0,6336.0,3382.0,3381.0,3380.0,3379.0,3378.0,6.0,6.0,11.0,5.0,1.0,3385.0,3386.0,3387.0,3388.0,3392.0,16.0,7.0,10.0,26.0,1.0
2024-07-02,2024-07-02 09:14:00.000,RB2408,3383.0,3399.0,3399.0,3382.0,0.0,0.0,3555.0,3216.0,3386.0,3383.0,0.0,326.0,11060560.0,6336.0,3382.0,3381.0,3380.0,3379.0,3378.0,6.0,6.0,11.0,5.0,1.0,3385.0,3386.0,3387.0,3388.0,3392.0,15.0,7.0,10.0,26.0,1.0
2024-07-02,2024-07-02 09:14:00.500,RB2408,3383.0,3399.0,3399.0,3382.0,0.0,0.0,3555.0,3216.0,3386.0,3383.0,0.0,326.0,11060560.0,6336.0,3382.0,3381.0,3380.0,3379.0,3378.0,6.0,6.0,11.0,5.0,1.0,3385.0,3386.0,3387.0,3388.0,3392.0,16.0,7.0,10.0,26.0,1.0
